%YAML 1.1
%TAG !u! tag:unity3d.com,2011:
--- !u!65 &5621592146409749385
BoxCollider:
  m_ObjectHideFlags: 0
  m_CorrespondingSourceObject: {fileID: 0}
  m_PrefabInstance: {fileID: 0}
  m_PrefabAsset: {fileID: 0}
  m_GameObject: {fileID: 2200639181213261670}
  m_Material: {fileID: 0}
  m_IsTrigger: 0
  m_Enabled: 1
  serializedVersion: 2
  m_Size: {x: 0.0014102053, y: 0.0033351658, z: 0.0000611486}
  m_Center: {x: -0.0002580607, y: -0.000070693175, z: 0.0000305742}
--- !u!114 &5802507732936257939
MonoBehaviour:
  m_ObjectHideFlags: 0
  m_CorrespondingSourceObject: {fileID: 0}
  m_PrefabInstance: {fileID: 0}
  m_PrefabAsset: {fileID: 0}
  m_GameObject: {fileID: 2200639181213261670}
  m_Enabled: 1
  m_EditorHideFlags: 0
  m_Script: {fileID: 11500000, guid: 7d40aa45fa1077a44934d0a4f78bc807, type: 3}
  m_Name: 
  m_EditorClassIdentifier: 
  index: 1
--- !u!114 &3080741652601735231
MonoBehaviour:
  m_ObjectHideFlags: 0
  m_CorrespondingSourceObject: {fileID: 0}
  m_PrefabInstance: {fileID: 0}
  m_PrefabAsset: {fileID: 0}
  m_GameObject: {fileID: 2738637054248830015}
  m_Enabled: 1
  m_EditorHideFlags: 0
  m_Script: {fileID: 11500000, guid: 6a7ee8e12b37ba04ea981ab79bfb889f, type: 3}
  m_Name: 
  m_EditorClassIdentifier: 
--- !u!1 &3080741651762281296
GameObject:
  m_ObjectHideFlags: 0
  m_CorrespondingSourceObject: {fileID: 0}
  m_PrefabInstance: {fileID: 0}
  m_PrefabAsset: {fileID: 0}
  serializedVersion: 6
  m_Component:
  - component: {fileID: 3080741651762281298}
  - component: {fileID: 3080741651762281297}
  - component: {fileID: -2206340147111597146}
  m_Layer: 9
  m_Name: Binoculares
  m_TagString: Untagged
  m_Icon: {fileID: 0}
  m_NavMeshLayer: 0
  m_StaticEditorFlags: 0
  m_IsActive: 1
--- !u!4 &3080741651762281298
Transform:
  m_ObjectHideFlags: 0
  m_CorrespondingSourceObject: {fileID: 0}
  m_PrefabInstance: {fileID: 0}
  m_PrefabAsset: {fileID: 0}
  m_GameObject: {fileID: 3080741651762281296}
  m_LocalRotation: {x: 0, y: 0, z: 0, w: 1}
  m_LocalPosition: {x: 0.05000019, y: 0.08, z: 2.42}
  m_LocalScale: {x: 1, y: 1, z: 1}
  m_Children:
  - {fileID: 3263499256854027909}
  - {fileID: 3080741652596260876}
  m_Father: {fileID: 0}
  m_RootOrder: 0
  m_LocalEulerAnglesHint: {x: 0, y: 0, z: 0}
--- !u!114 &3080741651762281297
MonoBehaviour:
  m_ObjectHideFlags: 0
  m_CorrespondingSourceObject: {fileID: 0}
  m_PrefabInstance: {fileID: 0}
  m_PrefabAsset: {fileID: 0}
  m_GameObject: {fileID: 3080741651762281296}
  m_Enabled: 1
  m_EditorHideFlags: 0
  m_Script: {fileID: 11500000, guid: 1c953d980f003b04788dbd7132947a00, type: 3}
  m_Name: 
  m_EditorClassIdentifier: 
--- !u!95 &-2206340147111597146
Animator:
  serializedVersion: 3
  m_ObjectHideFlags: 0
  m_CorrespondingSourceObject: {fileID: 0}
  m_PrefabInstance: {fileID: 0}
  m_PrefabAsset: {fileID: 0}
  m_GameObject: {fileID: 3080741651762281296}
  m_Enabled: 1
  m_Avatar: {fileID: 0}
  m_Controller: {fileID: 9100000, guid: 686239470793241468752248fdc1f8fb, type: 2}
  m_CullingMode: 2
  m_UpdateMode: 0
  m_ApplyRootMotion: 0
  m_LinearVelocityBlending: 0
  m_WarningMessage: 
  m_HasTransformHierarchy: 1
  m_AllowConstantClipSamplingOptimization: 1
  m_KeepAnimatorControllerStateOnDisable: 0
--- !u!1 &3080741652596260875
GameObject:
  m_ObjectHideFlags: 0
  m_CorrespondingSourceObject: {fileID: 0}
  m_PrefabInstance: {fileID: 0}
  m_PrefabAsset: {fileID: 0}
  serializedVersion: 6
  m_Component:
  - component: {fileID: 3080741652596260876}
  - component: {fileID: 3080741652596260864}
  - component: {fileID: 3080741652596260879}
  - component: {fileID: 3080741652596260878}
  - component: {fileID: 3080741652596260877}
  m_Layer: 9
  m_Name: CanvasObjecto
  m_TagString: Untagged
  m_Icon: {fileID: 0}
  m_NavMeshLayer: 0
  m_StaticEditorFlags: 0
  m_IsActive: 1
--- !u!224 &3080741652596260876
RectTransform:
  m_ObjectHideFlags: 0
  m_CorrespondingSourceObject: {fileID: 0}
  m_PrefabInstance: {fileID: 0}
  m_PrefabAsset: {fileID: 0}
  m_GameObject: {fileID: 3080741652596260875}
  m_LocalRotation: {x: -0, y: -0, z: -0, w: 1}
  m_LocalPosition: {x: 0, y: 0, z: 1}
  m_LocalScale: {x: 0.01, y: 0.01, z: 1}
  m_Children:
  - {fileID: 3080741652862617507}
  - {fileID: 4362708327613114370}
  m_Father: {fileID: 3080741651762281298}
  m_RootOrder: 1
  m_LocalEulerAnglesHint: {x: 0, y: 0, z: 0}
  m_AnchorMin: {x: 0, y: 0}
  m_AnchorMax: {x: 0, y: 0}
  m_AnchoredPosition: {x: 0, y: -0}
  m_SizeDelta: {x: 1000, y: 1000}
  m_Pivot: {x: 0.5, y: 0.5}
--- !u!223 &3080741652596260864
Canvas:
  m_ObjectHideFlags: 0
  m_CorrespondingSourceObject: {fileID: 0}
  m_PrefabInstance: {fileID: 0}
  m_PrefabAsset: {fileID: 0}
  m_GameObject: {fileID: 3080741652596260875}
  m_Enabled: 1
  serializedVersion: 3
  m_RenderMode: 2
  m_Camera: {fileID: 0}
  m_PlaneDistance: 100
  m_PixelPerfect: 0
  m_ReceivesEvents: 1
  m_OverrideSorting: 0
  m_OverridePixelPerfect: 0
  m_SortingBucketNormalizedSize: 0
  m_AdditionalShaderChannelsFlag: 0
  m_SortingLayerID: 0
  m_SortingOrder: 0
  m_TargetDisplay: 0
--- !u!114 &3080741652596260879
MonoBehaviour:
  m_ObjectHideFlags: 0
  m_CorrespondingSourceObject: {fileID: 0}
  m_PrefabInstance: {fileID: 0}
  m_PrefabAsset: {fileID: 0}
  m_GameObject: {fileID: 3080741652596260875}
  m_Enabled: 1
  m_EditorHideFlags: 0
  m_Script: {fileID: 11500000, guid: 0cd44c1031e13a943bb63640046fad76, type: 3}
  m_Name: 
  m_EditorClassIdentifier: 
  m_UiScaleMode: 0
  m_ReferencePixelsPerUnit: 100
  m_ScaleFactor: 1
  m_ReferenceResolution: {x: 800, y: 600}
  m_ScreenMatchMode: 0
  m_MatchWidthOrHeight: 0
  m_PhysicalUnit: 3
  m_FallbackScreenDPI: 96
  m_DefaultSpriteDPI: 96
  m_DynamicPixelsPerUnit: 1
--- !u!114 &3080741652596260878
MonoBehaviour:
  m_ObjectHideFlags: 0
  m_CorrespondingSourceObject: {fileID: 0}
  m_PrefabInstance: {fileID: 0}
  m_PrefabAsset: {fileID: 0}
  m_GameObject: {fileID: 3080741652596260875}
  m_Enabled: 1
  m_EditorHideFlags: 0
  m_Script: {fileID: 11500000, guid: dc42784cf147c0c48a680349fa168899, type: 3}
  m_Name: 
  m_EditorClassIdentifier: 
  m_IgnoreReversedGraphics: 1
  m_BlockingObjects: 0
  m_BlockingMask:
    serializedVersion: 2
    m_Bits: 4294967295
--- !u!114 &3080741652596260877
MonoBehaviour:
  m_ObjectHideFlags: 0
  m_CorrespondingSourceObject: {fileID: 0}
  m_PrefabInstance: {fileID: 0}
  m_PrefabAsset: {fileID: 0}
  m_GameObject: {fileID: 3080741652596260875}
  m_Enabled: 1
  m_EditorHideFlags: 0
  m_Script: {fileID: 11500000, guid: 4c7030b4e4c8e1448b4899cf9cdefd84, type: 3}
  m_Name: 
  m_EditorClassIdentifier: 
  Canvas: {fileID: 0}
--- !u!1 &3080741652862617506
GameObject:
  m_ObjectHideFlags: 0
  m_CorrespondingSourceObject: {fileID: 0}
  m_PrefabInstance: {fileID: 0}
  m_PrefabAsset: {fileID: 0}
  serializedVersion: 6
  m_Component:
  - component: {fileID: 3080741652862617507}
  - component: {fileID: 3080741652862617509}
  - component: {fileID: 3080741652862617508}
  m_Layer: 9
  m_Name: Panel
  m_TagString: Untagged
  m_Icon: {fileID: 0}
  m_NavMeshLayer: 0
  m_StaticEditorFlags: 0
  m_IsActive: 1
--- !u!224 &3080741652862617507
RectTransform:
  m_ObjectHideFlags: 0
  m_CorrespondingSourceObject: {fileID: 0}
  m_PrefabInstance: {fileID: 0}
  m_PrefabAsset: {fileID: 0}
  m_GameObject: {fileID: 3080741652862617506}
  m_LocalRotation: {x: 0, y: 0, z: 0, w: 1}
  m_LocalPosition: {x: 0, y: 0, z: 0}
  m_LocalScale: {x: 1, y: 1, z: 1}
  m_Children: []
  m_Father: {fileID: 3080741652596260876}
  m_RootOrder: 0
  m_LocalEulerAnglesHint: {x: 0, y: 0, z: 0}
  m_AnchorMin: {x: 0, y: 0}
  m_AnchorMax: {x: 1, y: 1}
  m_AnchoredPosition: {x: 0, y: 0}
  m_SizeDelta: {x: 0, y: 0}
  m_Pivot: {x: 0.5, y: 0.5}
--- !u!222 &3080741652862617509
CanvasRenderer:
  m_ObjectHideFlags: 0
  m_CorrespondingSourceObject: {fileID: 0}
  m_PrefabInstance: {fileID: 0}
  m_PrefabAsset: {fileID: 0}
  m_GameObject: {fileID: 3080741652862617506}
  m_CullTransparentMesh: 0
--- !u!114 &3080741652862617508
MonoBehaviour:
  m_ObjectHideFlags: 0
  m_CorrespondingSourceObject: {fileID: 0}
  m_PrefabInstance: {fileID: 0}
  m_PrefabAsset: {fileID: 0}
  m_GameObject: {fileID: 3080741652862617506}
  m_Enabled: 1
  m_EditorHideFlags: 0
  m_Script: {fileID: 11500000, guid: fe87c0e1cc204ed48ad3b37840f39efc, type: 3}
  m_Name: 
  m_EditorClassIdentifier: 
  m_Material: {fileID: 0}
  m_Color: {r: 0, g: 0.010113771, b: 0.03773582, a: 0.68235296}
  m_RaycastTarget: 1
  m_RaycastPadding: {x: 0, y: 0, z: 0, w: 0}
  m_Maskable: 1
  m_OnCullStateChanged:
    m_PersistentCalls:
      m_Calls: []
  m_Sprite: {fileID: 10907, guid: 0000000000000000f000000000000000, type: 0}
  m_Type: 1
  m_PreserveAspect: 0
  m_FillCenter: 1
  m_FillMethod: 4
  m_FillAmount: 1
  m_FillClockwise: 1
  m_FillOrigin: 0
  m_UseSpriteMesh: 0
  m_PixelsPerUnitMultiplier: 1
--- !u!1 &4362708326634573183
GameObject:
  m_ObjectHideFlags: 0
  m_CorrespondingSourceObject: {fileID: 0}
  m_PrefabInstance: {fileID: 0}
  m_PrefabAsset: {fileID: 0}
  serializedVersion: 6
  m_Component:
  - component: {fileID: 4362708326634573180}
  - component: {fileID: 4362708326634573171}
  - component: {fileID: 4362708326634573170}
  - component: {fileID: 4362708326634573181}
  - component: {fileID: 8026004070177385387}
  m_Layer: 9
  m_Name: paperPlaceholder
  m_TagString: Untagged
  m_Icon: {fileID: 0}
  m_NavMeshLayer: 0
  m_StaticEditorFlags: 0
  m_IsActive: 0
--- !u!4 &4362708326634573180
Transform:
  m_ObjectHideFlags: 0
  m_CorrespondingSourceObject: {fileID: 0}
  m_PrefabInstance: {fileID: 0}
  m_PrefabAsset: {fileID: 0}
  m_GameObject: {fileID: 4362708326634573183}
  m_LocalRotation: {x: -0.62613946, y: -0.43487713, z: -0.5463058, w: 0.34695995}
  m_LocalPosition: {x: -0.00318, y: -0.00067, z: 0.00453}
  m_LocalScale: {x: 0.0039633, y: -0.00016778876, z: 0.0074988506}
  m_Children: []
  m_Father: {fileID: 3263499256854027909}
  m_RootOrder: 0
  m_LocalEulerAnglesHint: {x: -114.544, y: -66.994995, z: -23.479004}
--- !u!33 &4362708326634573171
MeshFilter:
  m_ObjectHideFlags: 0
  m_CorrespondingSourceObject: {fileID: 0}
  m_PrefabInstance: {fileID: 0}
  m_PrefabAsset: {fileID: 0}
  m_GameObject: {fileID: 4362708326634573183}
  m_Mesh: {fileID: 10202, guid: 0000000000000000e000000000000000, type: 0}
--- !u!23 &4362708326634573170
MeshRenderer:
  m_ObjectHideFlags: 0
  m_CorrespondingSourceObject: {fileID: 0}
  m_PrefabInstance: {fileID: 0}
  m_PrefabAsset: {fileID: 0}
  m_GameObject: {fileID: 4362708326634573183}
  m_Enabled: 1
  m_CastShadows: 1
  m_ReceiveShadows: 1
  m_DynamicOccludee: 1
  m_MotionVectors: 1
  m_LightProbeUsage: 1
  m_ReflectionProbeUsage: 1
  m_RayTracingMode: 2
  m_RayTraceProcedural: 0
  m_RenderingLayerMask: 1
  m_RendererPriority: 0
  m_Materials:
  - {fileID: 2100000, guid: 31321ba15b8f8eb4c954353edc038b1d, type: 2}
  m_StaticBatchInfo:
    firstSubMesh: 0
    subMeshCount: 0
  m_StaticBatchRoot: {fileID: 0}
  m_ProbeAnchor: {fileID: 0}
  m_LightProbeVolumeOverride: {fileID: 0}
  m_ScaleInLightmap: 1
  m_ReceiveGI: 1
  m_PreserveUVs: 0
  m_IgnoreNormalsForChartDetection: 0
  m_ImportantGI: 0
  m_StitchLightmapSeams: 1
  m_SelectedEditorRenderState: 3
  m_MinimumChartSize: 4
  m_AutoUVMaxDistance: 0.5
  m_AutoUVMaxAngle: 89
  m_LightmapParameters: {fileID: 0}
  m_SortingLayerID: 0
  m_SortingLayer: 0
  m_SortingOrder: 0
  m_AdditionalVertexStreams: {fileID: 0}
--- !u!65 &4362708326634573181
BoxCollider:
  m_ObjectHideFlags: 0
  m_CorrespondingSourceObject: {fileID: 0}
  m_PrefabInstance: {fileID: 0}
  m_PrefabAsset: {fileID: 0}
  m_GameObject: {fileID: 4362708326634573183}
  m_Material: {fileID: 0}
  m_IsTrigger: 0
  m_Enabled: 1
  serializedVersion: 2
  m_Size: {x: 1, y: 1, z: 1}
  m_Center: {x: 0, y: 0, z: 0}
--- !u!114 &8026004070177385387
MonoBehaviour:
  m_ObjectHideFlags: 0
  m_CorrespondingSourceObject: {fileID: 0}
  m_PrefabInstance: {fileID: 0}
  m_PrefabAsset: {fileID: 0}
  m_GameObject: {fileID: 4362708326634573183}
  m_Enabled: 1
  m_EditorHideFlags: 0
  m_Script: {fileID: 11500000, guid: 7d40aa45fa1077a44934d0a4f78bc807, type: 3}
  m_Name: 
  m_EditorClassIdentifier: 
  index: 1
--- !u!1 &4362708327613114381
GameObject:
  m_ObjectHideFlags: 0
  m_CorrespondingSourceObject: {fileID: 0}
  m_PrefabInstance: {fileID: 0}
  m_PrefabAsset: {fileID: 0}
  serializedVersion: 6
  m_Component:
  - component: {fileID: 4362708327613114370}
  - component: {fileID: 4362708327613114368}
  - component: {fileID: 4362708327613114371}
  m_Layer: 9
  m_Name: Panel (1)
  m_TagString: Untagged
  m_Icon: {fileID: 0}
  m_NavMeshLayer: 0
  m_StaticEditorFlags: 0
  m_IsActive: 1
--- !u!224 &4362708327613114370
RectTransform:
  m_ObjectHideFlags: 0
  m_CorrespondingSourceObject: {fileID: 0}
  m_PrefabInstance: {fileID: 0}
  m_PrefabAsset: {fileID: 0}
  m_GameObject: {fileID: 4362708327613114381}
  m_LocalRotation: {x: 0, y: 0, z: 0, w: 1}
  m_LocalPosition: {x: 0, y: 0, z: 3.61}
  m_LocalScale: {x: 0.8837504, y: 0.5864615, z: 0.84266555}
  m_Children: []
  m_Father: {fileID: 3080741652596260876}
  m_RootOrder: 1
  m_LocalEulerAnglesHint: {x: 0, y: 0, z: 0}
  m_AnchorMin: {x: 0, y: 0}
  m_AnchorMax: {x: 1, y: 1}
  m_AnchoredPosition: {x: 0, y: -0}
  m_SizeDelta: {x: 0, y: 0}
  m_Pivot: {x: 0.5, y: 0.5}
--- !u!222 &4362708327613114368
CanvasRenderer:
  m_ObjectHideFlags: 0
  m_CorrespondingSourceObject: {fileID: 0}
  m_PrefabInstance: {fileID: 0}
  m_PrefabAsset: {fileID: 0}
  m_GameObject: {fileID: 4362708327613114381}
  m_CullTransparentMesh: 0
--- !u!114 &4362708327613114371
MonoBehaviour:
  m_ObjectHideFlags: 0
  m_CorrespondingSourceObject: {fileID: 0}
  m_PrefabInstance: {fileID: 0}
  m_PrefabAsset: {fileID: 0}
  m_GameObject: {fileID: 4362708327613114381}
  m_Enabled: 1
  m_EditorHideFlags: 0
  m_Script: {fileID: 11500000, guid: fe87c0e1cc204ed48ad3b37840f39efc, type: 3}
  m_Name: 
  m_EditorClassIdentifier: 
  m_Material: {fileID: 0}
  m_Color: {r: 0.047169805, g: 0.047169805, b: 0.047169805, a: 1}
  m_RaycastTarget: 1
  m_RaycastPadding: {x: 0, y: 0, z: 0, w: 0}
  m_Maskable: 1
  m_OnCullStateChanged:
    m_PersistentCalls:
      m_Calls: []
  m_Sprite: {fileID: 1080825480604336155, guid: dcf77d108907bd14f83919bc93f76e17, type: 3}
  m_Type: 0
  m_PreserveAspect: 0
  m_FillCenter: 1
  m_FillMethod: 4
  m_FillAmount: 1
  m_FillClockwise: 1
  m_FillOrigin: 0
  m_UseSpriteMesh: 0
  m_PixelsPerUnitMultiplier: 1
--- !u!1001 &1318240211364799031
PrefabInstance:
  m_ObjectHideFlags: 0
  serializedVersion: 2
  m_Modification:
    m_TransformParent: {fileID: 3263499256854027909}
    m_Modifications:
    - target: {fileID: -8679921383154817045, guid: ceeea8d84b8c0ed40a15608ce42aeb43, type: 3}
      propertyPath: m_RootOrder
      value: 1
      objectReference: {fileID: 0}
    - target: {fileID: -8679921383154817045, guid: ceeea8d84b8c0ed40a15608ce42aeb43, type: 3}
      propertyPath: m_LocalScale.x
      value: 2.1668062
      objectReference: {fileID: 0}
    - target: {fileID: -8679921383154817045, guid: ceeea8d84b8c0ed40a15608ce42aeb43, type: 3}
      propertyPath: m_LocalScale.y
      value: 1.6275315
      objectReference: {fileID: 0}
    - target: {fileID: -8679921383154817045, guid: ceeea8d84b8c0ed40a15608ce42aeb43, type: 3}
      propertyPath: m_LocalScale.z
      value: 2.1668062
      objectReference: {fileID: 0}
    - target: {fileID: -8679921383154817045, guid: ceeea8d84b8c0ed40a15608ce42aeb43, type: 3}
      propertyPath: m_LocalPosition.x
      value: -0.0027146703
      objectReference: {fileID: 0}
    - target: {fileID: -8679921383154817045, guid: ceeea8d84b8c0ed40a15608ce42aeb43, type: 3}
      propertyPath: m_LocalPosition.y
      value: 0.000026414999
      objectReference: {fileID: 0}
    - target: {fileID: -8679921383154817045, guid: ceeea8d84b8c0ed40a15608ce42aeb43, type: 3}
      propertyPath: m_LocalPosition.z
      value: 0.0042357566
      objectReference: {fileID: 0}
    - target: {fileID: -8679921383154817045, guid: ceeea8d84b8c0ed40a15608ce42aeb43, type: 3}
      propertyPath: m_LocalRotation.w
      value: 0.26745656
      objectReference: {fileID: 0}
    - target: {fileID: -8679921383154817045, guid: ceeea8d84b8c0ed40a15608ce42aeb43, type: 3}
      propertyPath: m_LocalRotation.x
      value: -0.6836579
      objectReference: {fileID: 0}
    - target: {fileID: -8679921383154817045, guid: ceeea8d84b8c0ed40a15608ce42aeb43, type: 3}
      propertyPath: m_LocalRotation.y
      value: 0.07341562
      objectReference: {fileID: 0}
    - target: {fileID: -8679921383154817045, guid: ceeea8d84b8c0ed40a15608ce42aeb43, type: 3}
      propertyPath: m_LocalRotation.z
      value: 0.6750475
      objectReference: {fileID: 0}
    - target: {fileID: -8679921383154817045, guid: ceeea8d84b8c0ed40a15608ce42aeb43, type: 3}
      propertyPath: m_LocalEulerAnglesHint.x
      value: -152.302
      objectReference: {fileID: 0}
    - target: {fileID: -8679921383154817045, guid: ceeea8d84b8c0ed40a15608ce42aeb43, type: 3}
      propertyPath: m_LocalEulerAnglesHint.y
      value: 93.525
      objectReference: {fileID: 0}
    - target: {fileID: -8679921383154817045, guid: ceeea8d84b8c0ed40a15608ce42aeb43, type: 3}
      propertyPath: m_LocalEulerAnglesHint.z
      value: -17.125
      objectReference: {fileID: 0}
    - target: {fileID: 919132149155446097, guid: ceeea8d84b8c0ed40a15608ce42aeb43, type: 3}
      propertyPath: m_Name
      value: photoInObject
      objectReference: {fileID: 0}
    - target: {fileID: 919132149155446097, guid: ceeea8d84b8c0ed40a15608ce42aeb43, type: 3}
      propertyPath: m_Layer
      value: 9
      objectReference: {fileID: 0}
    m_RemovedComponents: []
  m_SourcePrefab: {fileID: 100100000, guid: ceeea8d84b8c0ed40a15608ce42aeb43, type: 3}
--- !u!1 &2200639181213261670 stripped
GameObject:
  m_CorrespondingSourceObject: {fileID: 919132149155446097, guid: ceeea8d84b8c0ed40a15608ce42aeb43, type: 3}
  m_PrefabInstance: {fileID: 1318240211364799031}
  m_PrefabAsset: {fileID: 0}
--- !u!1001 &3080741652855552366
PrefabInstance:
  m_ObjectHideFlags: 0
  serializedVersion: 2
  m_Modification:
    m_TransformParent: {fileID: 3080741651762281298}
    m_Modifications:
    - target: {fileID: -8679921383154817045, guid: fb21799c20a169e43a8aa0c706465b72, type: 3}
      propertyPath: m_RootOrder
      value: 0
      objectReference: {fileID: 0}
    - target: {fileID: -8679921383154817045, guid: fb21799c20a169e43a8aa0c706465b72, type: 3}
      propertyPath: m_LocalScale.x
      value: 31.913317
      objectReference: {fileID: 0}
    - target: {fileID: -8679921383154817045, guid: fb21799c20a169e43a8aa0c706465b72, type: 3}
      propertyPath: m_LocalScale.y
      value: 31.91332
      objectReference: {fileID: 0}
    - target: {fileID: -8679921383154817045, guid: fb21799c20a169e43a8aa0c706465b72, type: 3}
      propertyPath: m_LocalScale.z
      value: 31.913317
      objectReference: {fileID: 0}
    - target: {fileID: -8679921383154817045, guid: fb21799c20a169e43a8aa0c706465b72, type: 3}
      propertyPath: m_LocalPosition.x
      value: 0.05073
      objectReference: {fileID: 0}
    - target: {fileID: -8679921383154817045, guid: fb21799c20a169e43a8aa0c706465b72, type: 3}
      propertyPath: m_LocalPosition.y
      value: 0.0045486
      objectReference: {fileID: 0}
    - target: {fileID: -8679921383154817045, guid: fb21799c20a169e43a8aa0c706465b72, type: 3}
      propertyPath: m_LocalPosition.z
      value: 0.053296
      objectReference: {fileID: 0}
    - target: {fileID: -8679921383154817045, guid: fb21799c20a169e43a8aa0c706465b72, type: 3}
      propertyPath: m_LocalRotation.w
      value: 0.9285281
      objectReference: {fileID: 0}
    - target: {fileID: -8679921383154817045, guid: fb21799c20a169e43a8aa0c706465b72, type: 3}
      propertyPath: m_LocalRotation.x
      value: -0
      objectReference: {fileID: 0}
    - target: {fileID: -8679921383154817045, guid: fb21799c20a169e43a8aa0c706465b72, type: 3}
      propertyPath: m_LocalRotation.y
      value: 0.37126228
      objectReference: {fileID: 0}
    - target: {fileID: -8679921383154817045, guid: fb21799c20a169e43a8aa0c706465b72, type: 3}
      propertyPath: m_LocalRotation.z
      value: -0
      objectReference: {fileID: 0}
    - target: {fileID: -8679921383154817045, guid: fb21799c20a169e43a8aa0c706465b72, type: 3}
      propertyPath: m_LocalEulerAnglesHint.x
      value: 0
      objectReference: {fileID: 0}
    - target: {fileID: -8679921383154817045, guid: fb21799c20a169e43a8aa0c706465b72, type: 3}
      propertyPath: m_LocalEulerAnglesHint.y
      value: 43.587
      objectReference: {fileID: 0}
    - target: {fileID: -8679921383154817045, guid: fb21799c20a169e43a8aa0c706465b72, type: 3}
      propertyPath: m_LocalEulerAnglesHint.z
      value: 0
      objectReference: {fileID: 0}
    - target: {fileID: -7511558181221131132, guid: fb21799c20a169e43a8aa0c706465b72, type: 3}
      propertyPath: m_Materials.Array.data[0]
      value: 
      objectReference: {fileID: 2100000, guid: c3658662e08569148a88a22e246a2801, type: 2}
    - target: {fileID: -5754084199372789682, guid: fb21799c20a169e43a8aa0c706465b72, type: 3}
      propertyPath: m_Mesh
      value: 
      objectReference: {fileID: -2124705421725058983, guid: 187630c44c48e474fa39aa454ac1a9ba, type: 3}
    - target: {fileID: 919132149155446097, guid: fb21799c20a169e43a8aa0c706465b72, type: 3}
      propertyPath: m_Name
      value: binoculares_Low (1)
      objectReference: {fileID: 0}
    - target: {fileID: 919132149155446097, guid: fb21799c20a169e43a8aa0c706465b72, type: 3}
      propertyPath: m_Layer
      value: 9
      objectReference: {fileID: 0}
    m_RemovedComponents: []
  m_SourcePrefab: {fileID: 100100000, guid: fb21799c20a169e43a8aa0c706465b72, type: 3}
--- !u!1 &2738637054248830015 stripped
GameObject:
  m_CorrespondingSourceObject: {fileID: 919132149155446097, guid: fb21799c20a169e43a8aa0c706465b72, type: 3}
  m_PrefabInstance: {fileID: 3080741652855552366}
  m_PrefabAsset: {fileID: 0}
--- !u!4 &3263499256854027909 stripped
Transform:
  m_CorrespondingSourceObject: {fileID: -8679921383154817045, guid: fb21799c20a169e43a8aa0c706465b72, type: 3}
  m_PrefabInstance: {fileID: 3080741652855552366}
  m_PrefabAsset: {fileID: 0}
