%YAML 1.1
%TAG !u! tag:unity3d.com,2011:
--- !u!114 &3080741652601735231
MonoBehaviour:
  m_ObjectHideFlags: 0
  m_CorrespondingSourceObject: {fileID: 0}
  m_PrefabInstance: {fileID: 0}
  m_PrefabAsset: {fileID: 0}
  m_GameObject: {fileID: 2738637054248830015}
  m_Enabled: 1
  m_EditorHideFlags: 0
  m_Script: {fileID: 11500000, guid: 6a7ee8e12b37ba04ea981ab79bfb889f, type: 3}
  m_Name: 
  m_EditorClassIdentifier: 
--- !u!1 &3055323845200324946
GameObject:
  m_ObjectHideFlags: 0
  m_CorrespondingSourceObject: {fileID: 0}
  m_PrefabInstance: {fileID: 0}
  m_PrefabAsset: {fileID: 0}
  serializedVersion: 6
  m_Component:
  - component: {fileID: 6616382321845460117}
  - component: {fileID: 3824328748958494942}
  m_Layer: 9
  m_Name: PrefabPilarRocas
  m_TagString: Untagged
  m_Icon: {fileID: 0}
  m_NavMeshLayer: 0
  m_StaticEditorFlags: 0
  m_IsActive: 1
--- !u!4 &6616382321845460117
Transform:
  m_ObjectHideFlags: 0
  m_CorrespondingSourceObject: {fileID: 0}
  m_PrefabInstance: {fileID: 0}
  m_PrefabAsset: {fileID: 0}
  m_GameObject: {fileID: 3055323845200324946}
  m_LocalRotation: {x: 0.000000029802326, y: -0.4116843, z: 0.000000014901163, w: 0.9113265}
  m_LocalPosition: {x: -0.196, y: -0.274, z: 0.155}
  m_LocalScale: {x: 1, y: 1, z: 1}
  m_Children:
  - {fileID: 3136887598927195292}
  - {fileID: 3136887599700101559}
  - {fileID: 3136887598358723487}
  - {fileID: 3136887598439522196}
  - {fileID: 3136887599082409996}
  - {fileID: 3136887599914023863}
  - {fileID: 3136887599898288882}
  - {fileID: 6389344729228609151}
  - {fileID: 4362708326634573180}
  - {fileID: 3136887598294580210}
  - {fileID: 142090628441155223}
  m_Father: {fileID: 3080741651762281298}
  m_RootOrder: 1
  m_LocalEulerAnglesHint: {x: 0, y: -48.621, z: 0}
--- !u!114 &3824328748958494942
MonoBehaviour:
  m_ObjectHideFlags: 0
  m_CorrespondingSourceObject: {fileID: 0}
  m_PrefabInstance: {fileID: 0}
  m_PrefabAsset: {fileID: 0}
  m_GameObject: {fileID: 3055323845200324946}
  m_Enabled: 1
  m_EditorHideFlags: 0
  m_Script: {fileID: 11500000, guid: 6a7ee8e12b37ba04ea981ab79bfb889f, type: 3}
  m_Name: 
  m_EditorClassIdentifier: 
--- !u!1 &3080741651762281296
GameObject:
  m_ObjectHideFlags: 0
  m_CorrespondingSourceObject: {fileID: 0}
  m_PrefabInstance: {fileID: 0}
  m_PrefabAsset: {fileID: 0}
  serializedVersion: 6
  m_Component:
  - component: {fileID: 3080741651762281298}
  - component: {fileID: 3080741651762281297}
  - component: {fileID: 1150361973606593744}
  m_Layer: 9
  m_Name: PilaPiedras
  m_TagString: Untagged
  m_Icon: {fileID: 0}
  m_NavMeshLayer: 0
  m_StaticEditorFlags: 0
  m_IsActive: 1
--- !u!4 &3080741651762281298
Transform:
  m_ObjectHideFlags: 0
  m_CorrespondingSourceObject: {fileID: 0}
  m_PrefabInstance: {fileID: 0}
  m_PrefabAsset: {fileID: 0}
  m_GameObject: {fileID: 3080741651762281296}
  m_LocalRotation: {x: 0, y: 0, z: 0, w: 1}
  m_LocalPosition: {x: 0.05000019, y: 0.08, z: 2.42}
  m_LocalScale: {x: 1, y: 1, z: 1}
  m_Children:
  - {fileID: 3263499256854027909}
  - {fileID: 6616382321845460117}
  - {fileID: 3080741652596260876}
  m_Father: {fileID: 0}
  m_RootOrder: 0
  m_LocalEulerAnglesHint: {x: 0, y: 0, z: 0}
--- !u!114 &3080741651762281297
MonoBehaviour:
  m_ObjectHideFlags: 0
  m_CorrespondingSourceObject: {fileID: 0}
  m_PrefabInstance: {fileID: 0}
  m_PrefabAsset: {fileID: 0}
  m_GameObject: {fileID: 3080741651762281296}
  m_Enabled: 1
  m_EditorHideFlags: 0
  m_Script: {fileID: 11500000, guid: 1c953d980f003b04788dbd7132947a00, type: 3}
  m_Name: 
  m_EditorClassIdentifier: 
--- !u!95 &1150361973606593744
Animator:
  serializedVersion: 3
  m_ObjectHideFlags: 0
  m_CorrespondingSourceObject: {fileID: 0}
  m_PrefabInstance: {fileID: 0}
  m_PrefabAsset: {fileID: 0}
  m_GameObject: {fileID: 3080741651762281296}
  m_Enabled: 1
  m_Avatar: {fileID: 0}
  m_Controller: {fileID: 9100000, guid: 686239470793241468752248fdc1f8fb, type: 2}
  m_CullingMode: 2
  m_UpdateMode: 0
  m_ApplyRootMotion: 0
  m_LinearVelocityBlending: 0
  m_WarningMessage: 
  m_HasTransformHierarchy: 1
  m_AllowConstantClipSamplingOptimization: 1
  m_KeepAnimatorControllerStateOnDisable: 0
--- !u!1 &3080741652596260875
GameObject:
  m_ObjectHideFlags: 0
  m_CorrespondingSourceObject: {fileID: 0}
  m_PrefabInstance: {fileID: 0}
  m_PrefabAsset: {fileID: 0}
  serializedVersion: 6
  m_Component:
  - component: {fileID: 3080741652596260876}
  - component: {fileID: 3080741652596260864}
  - component: {fileID: 3080741652596260879}
  - component: {fileID: 3080741652596260878}
  - component: {fileID: 3080741652596260877}
  m_Layer: 9
  m_Name: CanvasObjecto
  m_TagString: Untagged
  m_Icon: {fileID: 0}
  m_NavMeshLayer: 0
  m_StaticEditorFlags: 0
  m_IsActive: 1
--- !u!224 &3080741652596260876
RectTransform:
  m_ObjectHideFlags: 0
  m_CorrespondingSourceObject: {fileID: 0}
  m_PrefabInstance: {fileID: 0}
  m_PrefabAsset: {fileID: 0}
  m_GameObject: {fileID: 3080741652596260875}
  m_LocalRotation: {x: -0, y: -0, z: -0, w: 1}
  m_LocalPosition: {x: 0, y: 0, z: 1}
  m_LocalScale: {x: 0.01, y: 0.01, z: 1}
  m_Children:
  - {fileID: 3080741652862617507}
  - {fileID: 4362708327613114370}
  m_Father: {fileID: 3080741651762281298}
  m_RootOrder: 2
  m_LocalEulerAnglesHint: {x: 0, y: 0, z: 0}
  m_AnchorMin: {x: 0, y: 0}
  m_AnchorMax: {x: 0, y: 0}
  m_AnchoredPosition: {x: 0, y: -0}
  m_SizeDelta: {x: 1000, y: 1000}
  m_Pivot: {x: 0.5, y: 0.5}
--- !u!223 &3080741652596260864
Canvas:
  m_ObjectHideFlags: 0
  m_CorrespondingSourceObject: {fileID: 0}
  m_PrefabInstance: {fileID: 0}
  m_PrefabAsset: {fileID: 0}
  m_GameObject: {fileID: 3080741652596260875}
  m_Enabled: 1
  serializedVersion: 3
  m_RenderMode: 2
  m_Camera: {fileID: 0}
  m_PlaneDistance: 100
  m_PixelPerfect: 0
  m_ReceivesEvents: 1
  m_OverrideSorting: 0
  m_OverridePixelPerfect: 0
  m_SortingBucketNormalizedSize: 0
  m_AdditionalShaderChannelsFlag: 0
  m_SortingLayerID: 0
  m_SortingOrder: 0
  m_TargetDisplay: 0
--- !u!114 &3080741652596260879
MonoBehaviour:
  m_ObjectHideFlags: 0
  m_CorrespondingSourceObject: {fileID: 0}
  m_PrefabInstance: {fileID: 0}
  m_PrefabAsset: {fileID: 0}
  m_GameObject: {fileID: 3080741652596260875}
  m_Enabled: 1
  m_EditorHideFlags: 0
  m_Script: {fileID: 11500000, guid: 0cd44c1031e13a943bb63640046fad76, type: 3}
  m_Name: 
  m_EditorClassIdentifier: 
  m_UiScaleMode: 0
  m_ReferencePixelsPerUnit: 100
  m_ScaleFactor: 1
  m_ReferenceResolution: {x: 800, y: 600}
  m_ScreenMatchMode: 0
  m_MatchWidthOrHeight: 0
  m_PhysicalUnit: 3
  m_FallbackScreenDPI: 96
  m_DefaultSpriteDPI: 96
  m_DynamicPixelsPerUnit: 1
--- !u!114 &3080741652596260878
MonoBehaviour:
  m_ObjectHideFlags: 0
  m_CorrespondingSourceObject: {fileID: 0}
  m_PrefabInstance: {fileID: 0}
  m_PrefabAsset: {fileID: 0}
  m_GameObject: {fileID: 3080741652596260875}
  m_Enabled: 1
  m_EditorHideFlags: 0
  m_Script: {fileID: 11500000, guid: dc42784cf147c0c48a680349fa168899, type: 3}
  m_Name: 
  m_EditorClassIdentifier: 
  m_IgnoreReversedGraphics: 1
  m_BlockingObjects: 0
  m_BlockingMask:
    serializedVersion: 2
    m_Bits: 4294967295
--- !u!114 &3080741652596260877
MonoBehaviour:
  m_ObjectHideFlags: 0
  m_CorrespondingSourceObject: {fileID: 0}
  m_PrefabInstance: {fileID: 0}
  m_PrefabAsset: {fileID: 0}
  m_GameObject: {fileID: 3080741652596260875}
  m_Enabled: 1
  m_EditorHideFlags: 0
  m_Script: {fileID: 11500000, guid: 4c7030b4e4c8e1448b4899cf9cdefd84, type: 3}
  m_Name: 
  m_EditorClassIdentifier: 
  Canvas: {fileID: 0}
--- !u!1 &3080741652862617506
GameObject:
  m_ObjectHideFlags: 0
  m_CorrespondingSourceObject: {fileID: 0}
  m_PrefabInstance: {fileID: 0}
  m_PrefabAsset: {fileID: 0}
  serializedVersion: 6
  m_Component:
  - component: {fileID: 3080741652862617507}
  - component: {fileID: 3080741652862617509}
  - component: {fileID: 3080741652862617508}
  m_Layer: 9
  m_Name: Panel
  m_TagString: Untagged
  m_Icon: {fileID: 0}
  m_NavMeshLayer: 0
  m_StaticEditorFlags: 0
  m_IsActive: 1
--- !u!224 &3080741652862617507
RectTransform:
  m_ObjectHideFlags: 0
  m_CorrespondingSourceObject: {fileID: 0}
  m_PrefabInstance: {fileID: 0}
  m_PrefabAsset: {fileID: 0}
  m_GameObject: {fileID: 3080741652862617506}
  m_LocalRotation: {x: 0, y: 0, z: 0, w: 1}
  m_LocalPosition: {x: 0, y: 0, z: 0}
  m_LocalScale: {x: 1, y: 1, z: 1}
  m_Children: []
  m_Father: {fileID: 3080741652596260876}
  m_RootOrder: 0
  m_LocalEulerAnglesHint: {x: 0, y: 0, z: 0}
  m_AnchorMin: {x: 0, y: 0}
  m_AnchorMax: {x: 1, y: 1}
  m_AnchoredPosition: {x: 0, y: 0}
  m_SizeDelta: {x: 0, y: 0}
  m_Pivot: {x: 0.5, y: 0.5}
--- !u!222 &3080741652862617509
CanvasRenderer:
  m_ObjectHideFlags: 0
  m_CorrespondingSourceObject: {fileID: 0}
  m_PrefabInstance: {fileID: 0}
  m_PrefabAsset: {fileID: 0}
  m_GameObject: {fileID: 3080741652862617506}
  m_CullTransparentMesh: 0
--- !u!114 &3080741652862617508
MonoBehaviour:
  m_ObjectHideFlags: 0
  m_CorrespondingSourceObject: {fileID: 0}
  m_PrefabInstance: {fileID: 0}
  m_PrefabAsset: {fileID: 0}
  m_GameObject: {fileID: 3080741652862617506}
  m_Enabled: 1
  m_EditorHideFlags: 0
  m_Script: {fileID: 11500000, guid: fe87c0e1cc204ed48ad3b37840f39efc, type: 3}
  m_Name: 
  m_EditorClassIdentifier: 
  m_Material: {fileID: 0}
  m_Color: {r: 0, g: 0.010113771, b: 0.03773582, a: 0.68235296}
  m_RaycastTarget: 1
  m_RaycastPadding: {x: 0, y: 0, z: 0, w: 0}
  m_Maskable: 1
  m_OnCullStateChanged:
    m_PersistentCalls:
      m_Calls: []
  m_Sprite: {fileID: 10907, guid: 0000000000000000f000000000000000, type: 0}
  m_Type: 1
  m_PreserveAspect: 0
  m_FillCenter: 1
  m_FillMethod: 4
  m_FillAmount: 1
  m_FillClockwise: 1
  m_FillOrigin: 0
  m_UseSpriteMesh: 0
  m_PixelsPerUnitMultiplier: 1
--- !u!1 &3136887598294580211
GameObject:
  m_ObjectHideFlags: 0
  m_CorrespondingSourceObject: {fileID: 0}
  m_PrefabInstance: {fileID: 0}
  m_PrefabAsset: {fileID: 0}
  serializedVersion: 6
  m_Component:
  - component: {fileID: 3136887598294580210}
  - component: {fileID: 3136887598294580204}
  - component: {fileID: 3136887598294580205}
  - component: {fileID: 5513471850286955186}
  m_Layer: 9
  m_Name: PilaRocas
  m_TagString: Untagged
  m_Icon: {fileID: 0}
  m_NavMeshLayer: 0
  m_StaticEditorFlags: 0
  m_IsActive: 1
--- !u!4 &3136887598294580210
Transform:
  m_ObjectHideFlags: 0
  m_CorrespondingSourceObject: {fileID: 0}
  m_PrefabInstance: {fileID: 0}
  m_PrefabAsset: {fileID: 0}
  m_GameObject: {fileID: 3136887598294580211}
  m_LocalRotation: {x: 0.60241115, y: 0.611915, z: -0.32032928, w: -0.40006253}
  m_LocalPosition: {x: -0.663, y: -0.465, z: -0.184}
  m_LocalScale: {x: 0.33073387, y: 0.836418, z: 0.57290137}
  m_Children: []
  m_Father: {fileID: 6616382321845460117}
  m_RootOrder: 9
  m_LocalEulerAnglesHint: {x: -5.162, y: 241.53601, z: 86.028}
--- !u!33 &3136887598294580204
MeshFilter:
  m_ObjectHideFlags: 0
  m_CorrespondingSourceObject: {fileID: 0}
  m_PrefabInstance: {fileID: 0}
  m_PrefabAsset: {fileID: 0}
  m_GameObject: {fileID: 3136887598294580211}
  m_Mesh: {fileID: 8996957445894004796, guid: c98e254a530e4ee4a8629d20e9aa25da, type: 3}
--- !u!23 &3136887598294580205
MeshRenderer:
  m_ObjectHideFlags: 0
  m_CorrespondingSourceObject: {fileID: 0}
  m_PrefabInstance: {fileID: 0}
  m_PrefabAsset: {fileID: 0}
  m_GameObject: {fileID: 3136887598294580211}
  m_Enabled: 1
  m_CastShadows: 1
  m_ReceiveShadows: 1
  m_DynamicOccludee: 1
  m_MotionVectors: 1
  m_LightProbeUsage: 1
  m_ReflectionProbeUsage: 1
  m_RayTracingMode: 2
  m_RayTraceProcedural: 0
  m_RenderingLayerMask: 1
  m_RendererPriority: 0
  m_Materials:
  - {fileID: 2100000, guid: d844be34a334bba4b9a4df70caa0d2c2, type: 2}
  m_StaticBatchInfo:
    firstSubMesh: 0
    subMeshCount: 0
  m_StaticBatchRoot: {fileID: 0}
  m_ProbeAnchor: {fileID: 0}
  m_LightProbeVolumeOverride: {fileID: 0}
  m_ScaleInLightmap: 1
  m_ReceiveGI: 1
  m_PreserveUVs: 0
  m_IgnoreNormalsForChartDetection: 0
  m_ImportantGI: 0
  m_StitchLightmapSeams: 1
  m_SelectedEditorRenderState: 3
  m_MinimumChartSize: 4
  m_AutoUVMaxDistance: 0.5
  m_AutoUVMaxAngle: 89
  m_LightmapParameters: {fileID: 0}
  m_SortingLayerID: 0
  m_SortingLayer: 0
  m_SortingOrder: 0
  m_AdditionalVertexStreams: {fileID: 0}
--- !u!114 &5513471850286955186
MonoBehaviour:
  m_ObjectHideFlags: 0
  m_CorrespondingSourceObject: {fileID: 0}
  m_PrefabInstance: {fileID: 0}
  m_PrefabAsset: {fileID: 0}
  m_GameObject: {fileID: 3136887598294580211}
  m_Enabled: 1
  m_EditorHideFlags: 0
  m_Script: {fileID: 11500000, guid: 6a7ee8e12b37ba04ea981ab79bfb889f, type: 3}
  m_Name: 
  m_EditorClassIdentifier: 
--- !u!1 &3136887598358723484
GameObject:
  m_ObjectHideFlags: 0
  m_CorrespondingSourceObject: {fileID: 0}
  m_PrefabInstance: {fileID: 0}
  m_PrefabAsset: {fileID: 0}
  serializedVersion: 6
  m_Component:
  - component: {fileID: 3136887598358723487}
  - component: {fileID: 3136887598358723481}
  - component: {fileID: 3136887598358723486}
  m_Layer: 9
  m_Name: RockHigh (6)
  m_TagString: Untagged
  m_Icon: {fileID: 0}
  m_NavMeshLayer: 0
  m_StaticEditorFlags: 0
  m_IsActive: 1
--- !u!4 &3136887598358723487
Transform:
  m_ObjectHideFlags: 0
  m_CorrespondingSourceObject: {fileID: 0}
  m_PrefabInstance: {fileID: 0}
  m_PrefabAsset: {fileID: 0}
  m_GameObject: {fileID: 3136887598358723484}
  m_LocalRotation: {x: -0.7189531, y: -0.62841964, z: 0.15106633, w: 0.25568378}
  m_LocalPosition: {x: -0.113, y: 0.748, z: -0.174}
  m_LocalScale: {x: 0.24103265, y: 0.1498703, z: 0.30872032}
  m_Children: []
  m_Father: {fileID: 6616382321845460117}
  m_RootOrder: 2
  m_LocalEulerAnglesHint: {x: -1.226, y: -356.97, z: -352.925}
--- !u!33 &3136887598358723481
MeshFilter:
  m_ObjectHideFlags: 0
  m_CorrespondingSourceObject: {fileID: 0}
  m_PrefabInstance: {fileID: 0}
  m_PrefabAsset: {fileID: 0}
  m_GameObject: {fileID: 3136887598358723484}
  m_Mesh: {fileID: 4912871785530174022, guid: c98e254a530e4ee4a8629d20e9aa25da, type: 3}
--- !u!23 &3136887598358723486
MeshRenderer:
  m_ObjectHideFlags: 0
  m_CorrespondingSourceObject: {fileID: 0}
  m_PrefabInstance: {fileID: 0}
  m_PrefabAsset: {fileID: 0}
  m_GameObject: {fileID: 3136887598358723484}
  m_Enabled: 1
  m_CastShadows: 1
  m_ReceiveShadows: 1
  m_DynamicOccludee: 1
  m_MotionVectors: 1
  m_LightProbeUsage: 1
  m_ReflectionProbeUsage: 1
  m_RayTracingMode: 2
  m_RayTraceProcedural: 0
  m_RenderingLayerMask: 1
  m_RendererPriority: 0
  m_Materials:
  - {fileID: 2100000, guid: d844be34a334bba4b9a4df70caa0d2c2, type: 2}
  m_StaticBatchInfo:
    firstSubMesh: 0
    subMeshCount: 0
  m_StaticBatchRoot: {fileID: 0}
  m_ProbeAnchor: {fileID: 0}
  m_LightProbeVolumeOverride: {fileID: 0}
  m_ScaleInLightmap: 1
  m_ReceiveGI: 1
  m_PreserveUVs: 0
  m_IgnoreNormalsForChartDetection: 0
  m_ImportantGI: 0
  m_StitchLightmapSeams: 1
  m_SelectedEditorRenderState: 3
  m_MinimumChartSize: 4
  m_AutoUVMaxDistance: 0.5
  m_AutoUVMaxAngle: 89
  m_LightmapParameters: {fileID: 0}
  m_SortingLayerID: 0
  m_SortingLayer: 0
  m_SortingOrder: 0
  m_AdditionalVertexStreams: {fileID: 0}
--- !u!1 &3136887598439522197
GameObject:
  m_ObjectHideFlags: 0
  m_CorrespondingSourceObject: {fileID: 0}
  m_PrefabInstance: {fileID: 0}
  m_PrefabAsset: {fileID: 0}
  serializedVersion: 6
  m_Component:
  - component: {fileID: 3136887598439522196}
  - component: {fileID: 3136887598439522198}
  - component: {fileID: 3136887598439522199}
  m_Layer: 9
  m_Name: RockHigh (7)
  m_TagString: Untagged
  m_Icon: {fileID: 0}
  m_NavMeshLayer: 0
  m_StaticEditorFlags: 0
  m_IsActive: 1
--- !u!4 &3136887598439522196
Transform:
  m_ObjectHideFlags: 0
  m_CorrespondingSourceObject: {fileID: 0}
  m_PrefabInstance: {fileID: 0}
  m_PrefabAsset: {fileID: 0}
  m_GameObject: {fileID: 3136887598439522197}
  m_LocalRotation: {x: -0.6613689, y: 0.4057238, z: -0.4293268, w: 0.4622314}
  m_LocalPosition: {x: 0.036, y: 0.72, z: -0.124}
  m_LocalScale: {x: 0.13155435, y: 0.06261443, z: 0.28585213}
  m_Children: []
  m_Father: {fileID: 6616382321845460117}
  m_RootOrder: 3
  m_LocalEulerAnglesHint: {x: -65.127, y: -218.981, z: -346.241}
--- !u!33 &3136887598439522198
MeshFilter:
  m_ObjectHideFlags: 0
  m_CorrespondingSourceObject: {fileID: 0}
  m_PrefabInstance: {fileID: 0}
  m_PrefabAsset: {fileID: 0}
  m_GameObject: {fileID: 3136887598439522197}
  m_Mesh: {fileID: 4912871785530174022, guid: c98e254a530e4ee4a8629d20e9aa25da, type: 3}
--- !u!23 &3136887598439522199
MeshRenderer:
  m_ObjectHideFlags: 0
  m_CorrespondingSourceObject: {fileID: 0}
  m_PrefabInstance: {fileID: 0}
  m_PrefabAsset: {fileID: 0}
  m_GameObject: {fileID: 3136887598439522197}
  m_Enabled: 1
  m_CastShadows: 1
  m_ReceiveShadows: 1
  m_DynamicOccludee: 1
  m_MotionVectors: 1
  m_LightProbeUsage: 1
  m_ReflectionProbeUsage: 1
  m_RayTracingMode: 2
  m_RayTraceProcedural: 0
  m_RenderingLayerMask: 1
  m_RendererPriority: 0
  m_Materials:
  - {fileID: 2100000, guid: d844be34a334bba4b9a4df70caa0d2c2, type: 2}
  m_StaticBatchInfo:
    firstSubMesh: 0
    subMeshCount: 0
  m_StaticBatchRoot: {fileID: 0}
  m_ProbeAnchor: {fileID: 0}
  m_LightProbeVolumeOverride: {fileID: 0}
  m_ScaleInLightmap: 1
  m_ReceiveGI: 1
  m_PreserveUVs: 0
  m_IgnoreNormalsForChartDetection: 0
  m_ImportantGI: 0
  m_StitchLightmapSeams: 1
  m_SelectedEditorRenderState: 3
  m_MinimumChartSize: 4
  m_AutoUVMaxDistance: 0.5
  m_AutoUVMaxAngle: 89
  m_LightmapParameters: {fileID: 0}
  m_SortingLayerID: 0
  m_SortingLayer: 0
  m_SortingOrder: 0
  m_AdditionalVertexStreams: {fileID: 0}
--- !u!1 &3136887598927195293
GameObject:
  m_ObjectHideFlags: 0
  m_CorrespondingSourceObject: {fileID: 0}
  m_PrefabInstance: {fileID: 0}
  m_PrefabAsset: {fileID: 0}
  serializedVersion: 6
  m_Component:
  - component: {fileID: 3136887598927195292}
  - component: {fileID: 3136887598927195294}
  - component: {fileID: 3136887598927195295}
  m_Layer: 9
  m_Name: RockHigh (4)
  m_TagString: Untagged
  m_Icon: {fileID: 0}
  m_NavMeshLayer: 0
  m_StaticEditorFlags: 0
  m_IsActive: 1
--- !u!4 &3136887598927195292
Transform:
  m_ObjectHideFlags: 0
  m_CorrespondingSourceObject: {fileID: 0}
  m_PrefabInstance: {fileID: 0}
  m_PrefabAsset: {fileID: 0}
  m_GameObject: {fileID: 3136887598927195293}
  m_LocalRotation: {x: -0.15384966, y: -0.036199015, z: 0.60019976, w: 0.7840792}
  m_LocalPosition: {x: 0.002, y: 0.253, z: 0.153}
  m_LocalScale: {x: 0.3702596, y: 0.23558854, z: 0.7133085}
  m_Children: []
  m_Father: {fileID: 6616382321845460117}
  m_RootOrder: 0
  m_LocalEulerAnglesHint: {x: 191.409, y: -194.259, z: -103.70099}
--- !u!33 &3136887598927195294
MeshFilter:
  m_ObjectHideFlags: 0
  m_CorrespondingSourceObject: {fileID: 0}
  m_PrefabInstance: {fileID: 0}
  m_PrefabAsset: {fileID: 0}
  m_GameObject: {fileID: 3136887598927195293}
  m_Mesh: {fileID: 4912871785530174022, guid: c98e254a530e4ee4a8629d20e9aa25da, type: 3}
--- !u!23 &3136887598927195295
MeshRenderer:
  m_ObjectHideFlags: 0
  m_CorrespondingSourceObject: {fileID: 0}
  m_PrefabInstance: {fileID: 0}
  m_PrefabAsset: {fileID: 0}
  m_GameObject: {fileID: 3136887598927195293}
  m_Enabled: 1
  m_CastShadows: 1
  m_ReceiveShadows: 1
  m_DynamicOccludee: 1
  m_MotionVectors: 1
  m_LightProbeUsage: 1
  m_ReflectionProbeUsage: 1
  m_RayTracingMode: 2
  m_RayTraceProcedural: 0
  m_RenderingLayerMask: 1
  m_RendererPriority: 0
  m_Materials:
  - {fileID: 2100000, guid: d844be34a334bba4b9a4df70caa0d2c2, type: 2}
  m_StaticBatchInfo:
    firstSubMesh: 0
    subMeshCount: 0
  m_StaticBatchRoot: {fileID: 0}
  m_ProbeAnchor: {fileID: 0}
  m_LightProbeVolumeOverride: {fileID: 0}
  m_ScaleInLightmap: 1
  m_ReceiveGI: 1
  m_PreserveUVs: 0
  m_IgnoreNormalsForChartDetection: 0
  m_ImportantGI: 0
  m_StitchLightmapSeams: 1
  m_SelectedEditorRenderState: 3
  m_MinimumChartSize: 4
  m_AutoUVMaxDistance: 0.5
  m_AutoUVMaxAngle: 89
  m_LightmapParameters: {fileID: 0}
  m_SortingLayerID: 0
  m_SortingLayer: 0
  m_SortingOrder: 0
  m_AdditionalVertexStreams: {fileID: 0}
--- !u!1 &3136887599082409997
GameObject:
  m_ObjectHideFlags: 0
  m_CorrespondingSourceObject: {fileID: 0}
  m_PrefabInstance: {fileID: 0}
  m_PrefabAsset: {fileID: 0}
  serializedVersion: 6
  m_Component:
  - component: {fileID: 3136887599082409996}
  - component: {fileID: 3136887599082409998}
  - component: {fileID: 3136887599082409999}
  m_Layer: 9
  m_Name: RockHigh (8)
  m_TagString: Untagged
  m_Icon: {fileID: 0}
  m_NavMeshLayer: 0
  m_StaticEditorFlags: 0
  m_IsActive: 1
--- !u!4 &3136887599082409996
Transform:
  m_ObjectHideFlags: 0
  m_CorrespondingSourceObject: {fileID: 0}
  m_PrefabInstance: {fileID: 0}
  m_PrefabAsset: {fileID: 0}
  m_GameObject: {fileID: 3136887599082409997}
  m_LocalRotation: {x: -0.1609794, y: 0.24264237, z: 0.7005462, w: -0.6514947}
  m_LocalPosition: {x: -0.133, y: 0.791, z: -0.004}
  m_LocalScale: {x: 0.1314405, y: 0.05648278, z: 0.26982477}
  m_Children: []
  m_Father: {fileID: 6616382321845460117}
  m_RootOrder: 4
  m_LocalEulerAnglesHint: {x: 64.989, y: -211.155, z: -24.927}
--- !u!33 &3136887599082409998
MeshFilter:
  m_ObjectHideFlags: 0
  m_CorrespondingSourceObject: {fileID: 0}
  m_PrefabInstance: {fileID: 0}
  m_PrefabAsset: {fileID: 0}
  m_GameObject: {fileID: 3136887599082409997}
  m_Mesh: {fileID: 4912871785530174022, guid: c98e254a530e4ee4a8629d20e9aa25da, type: 3}
--- !u!23 &3136887599082409999
MeshRenderer:
  m_ObjectHideFlags: 0
  m_CorrespondingSourceObject: {fileID: 0}
  m_PrefabInstance: {fileID: 0}
  m_PrefabAsset: {fileID: 0}
  m_GameObject: {fileID: 3136887599082409997}
  m_Enabled: 1
  m_CastShadows: 1
  m_ReceiveShadows: 1
  m_DynamicOccludee: 1
  m_MotionVectors: 1
  m_LightProbeUsage: 1
  m_ReflectionProbeUsage: 1
  m_RayTracingMode: 2
  m_RayTraceProcedural: 0
  m_RenderingLayerMask: 1
  m_RendererPriority: 0
  m_Materials:
  - {fileID: 2100000, guid: d844be34a334bba4b9a4df70caa0d2c2, type: 2}
  m_StaticBatchInfo:
    firstSubMesh: 0
    subMeshCount: 0
  m_StaticBatchRoot: {fileID: 0}
  m_ProbeAnchor: {fileID: 0}
  m_LightProbeVolumeOverride: {fileID: 0}
  m_ScaleInLightmap: 1
  m_ReceiveGI: 1
  m_PreserveUVs: 0
  m_IgnoreNormalsForChartDetection: 0
  m_ImportantGI: 0
  m_StitchLightmapSeams: 1
  m_SelectedEditorRenderState: 3
  m_MinimumChartSize: 4
  m_AutoUVMaxDistance: 0.5
  m_AutoUVMaxAngle: 89
  m_LightmapParameters: {fileID: 0}
  m_SortingLayerID: 0
  m_SortingLayer: 0
  m_SortingOrder: 0
  m_AdditionalVertexStreams: {fileID: 0}
--- !u!1 &3136887599700101556
GameObject:
  m_ObjectHideFlags: 0
  m_CorrespondingSourceObject: {fileID: 0}
  m_PrefabInstance: {fileID: 0}
  m_PrefabAsset: {fileID: 0}
  serializedVersion: 6
  m_Component:
  - component: {fileID: 3136887599700101559}
  - component: {fileID: 3136887599700101553}
  - component: {fileID: 3136887599700101558}
  m_Layer: 9
  m_Name: RockHigh (5)
  m_TagString: Untagged
  m_Icon: {fileID: 0}
  m_NavMeshLayer: 0
  m_StaticEditorFlags: 0
  m_IsActive: 1
--- !u!4 &3136887599700101559
Transform:
  m_ObjectHideFlags: 0
  m_CorrespondingSourceObject: {fileID: 0}
  m_PrefabInstance: {fileID: 0}
  m_PrefabAsset: {fileID: 0}
  m_GameObject: {fileID: 3136887599700101556}
  m_LocalRotation: {x: -0.6339177, y: 0.57512254, z: 0.468912, w: -0.21795405}
  m_LocalPosition: {x: -0.171, y: 0.244, z: -0.151}
  m_LocalScale: {x: 0.36450133, y: 0.24721865, z: 0.50698656}
  m_Children: []
  m_Father: {fileID: 6616382321845460117}
  m_RootOrder: 1
  m_LocalEulerAnglesHint: {x: 25.388, y: -348.914, z: -184.135}
--- !u!33 &3136887599700101553
MeshFilter:
  m_ObjectHideFlags: 0
  m_CorrespondingSourceObject: {fileID: 0}
  m_PrefabInstance: {fileID: 0}
  m_PrefabAsset: {fileID: 0}
  m_GameObject: {fileID: 3136887599700101556}
  m_Mesh: {fileID: 4912871785530174022, guid: c98e254a530e4ee4a8629d20e9aa25da, type: 3}
--- !u!23 &3136887599700101558
MeshRenderer:
  m_ObjectHideFlags: 0
  m_CorrespondingSourceObject: {fileID: 0}
  m_PrefabInstance: {fileID: 0}
  m_PrefabAsset: {fileID: 0}
  m_GameObject: {fileID: 3136887599700101556}
  m_Enabled: 1
  m_CastShadows: 1
  m_ReceiveShadows: 1
  m_DynamicOccludee: 1
  m_MotionVectors: 1
  m_LightProbeUsage: 1
  m_ReflectionProbeUsage: 1
  m_RayTracingMode: 2
  m_RayTraceProcedural: 0
  m_RenderingLayerMask: 1
  m_RendererPriority: 0
  m_Materials:
  - {fileID: 2100000, guid: d844be34a334bba4b9a4df70caa0d2c2, type: 2}
  m_StaticBatchInfo:
    firstSubMesh: 0
    subMeshCount: 0
  m_StaticBatchRoot: {fileID: 0}
  m_ProbeAnchor: {fileID: 0}
  m_LightProbeVolumeOverride: {fileID: 0}
  m_ScaleInLightmap: 1
  m_ReceiveGI: 1
  m_PreserveUVs: 0
  m_IgnoreNormalsForChartDetection: 0
  m_ImportantGI: 0
  m_StitchLightmapSeams: 1
  m_SelectedEditorRenderState: 3
  m_MinimumChartSize: 4
  m_AutoUVMaxDistance: 0.5
  m_AutoUVMaxAngle: 89
  m_LightmapParameters: {fileID: 0}
  m_SortingLayerID: 0
  m_SortingLayer: 0
  m_SortingOrder: 0
  m_AdditionalVertexStreams: {fileID: 0}
--- !u!1 &3136887599898288883
GameObject:
  m_ObjectHideFlags: 0
  m_CorrespondingSourceObject: {fileID: 0}
  m_PrefabInstance: {fileID: 0}
  m_PrefabAsset: {fileID: 0}
  serializedVersion: 6
  m_Component:
  - component: {fileID: 3136887599898288882}
  - component: {fileID: 3136887599898288876}
  - component: {fileID: 3136887599898288877}
  m_Layer: 9
  m_Name: RockHigh (10)
  m_TagString: Untagged
  m_Icon: {fileID: 0}
  m_NavMeshLayer: 0
  m_StaticEditorFlags: 0
  m_IsActive: 1
--- !u!4 &3136887599898288882
Transform:
  m_ObjectHideFlags: 0
  m_CorrespondingSourceObject: {fileID: 0}
  m_PrefabInstance: {fileID: 0}
  m_PrefabAsset: {fileID: 0}
  m_GameObject: {fileID: 3136887599898288883}
  m_LocalRotation: {x: -0.6613689, y: 0.4057238, z: -0.4293268, w: 0.4622314}
  m_LocalPosition: {x: 0.009, y: 0.964, z: -0.069}
  m_LocalScale: {x: 0.054708194, y: 0.026038837, z: 0.118874475}
  m_Children: []
  m_Father: {fileID: 6616382321845460117}
  m_RootOrder: 6
  m_LocalEulerAnglesHint: {x: -65.127, y: -218.981, z: -346.241}
--- !u!33 &3136887599898288876
MeshFilter:
  m_ObjectHideFlags: 0
  m_CorrespondingSourceObject: {fileID: 0}
  m_PrefabInstance: {fileID: 0}
  m_PrefabAsset: {fileID: 0}
  m_GameObject: {fileID: 3136887599898288883}
  m_Mesh: {fileID: 4912871785530174022, guid: c98e254a530e4ee4a8629d20e9aa25da, type: 3}
--- !u!23 &3136887599898288877
MeshRenderer:
  m_ObjectHideFlags: 0
  m_CorrespondingSourceObject: {fileID: 0}
  m_PrefabInstance: {fileID: 0}
  m_PrefabAsset: {fileID: 0}
  m_GameObject: {fileID: 3136887599898288883}
  m_Enabled: 1
  m_CastShadows: 1
  m_ReceiveShadows: 1
  m_DynamicOccludee: 1
  m_MotionVectors: 1
  m_LightProbeUsage: 1
  m_ReflectionProbeUsage: 1
  m_RayTracingMode: 2
  m_RayTraceProcedural: 0
  m_RenderingLayerMask: 1
  m_RendererPriority: 0
  m_Materials:
  - {fileID: 2100000, guid: d844be34a334bba4b9a4df70caa0d2c2, type: 2}
  m_StaticBatchInfo:
    firstSubMesh: 0
    subMeshCount: 0
  m_StaticBatchRoot: {fileID: 0}
  m_ProbeAnchor: {fileID: 0}
  m_LightProbeVolumeOverride: {fileID: 0}
  m_ScaleInLightmap: 1
  m_ReceiveGI: 1
  m_PreserveUVs: 0
  m_IgnoreNormalsForChartDetection: 0
  m_ImportantGI: 0
  m_StitchLightmapSeams: 1
  m_SelectedEditorRenderState: 3
  m_MinimumChartSize: 4
  m_AutoUVMaxDistance: 0.5
  m_AutoUVMaxAngle: 89
  m_LightmapParameters: {fileID: 0}
  m_SortingLayerID: 0
  m_SortingLayer: 0
  m_SortingOrder: 0
  m_AdditionalVertexStreams: {fileID: 0}
--- !u!1 &3136887599914023860
GameObject:
  m_ObjectHideFlags: 0
  m_CorrespondingSourceObject: {fileID: 0}
  m_PrefabInstance: {fileID: 0}
  m_PrefabAsset: {fileID: 0}
  serializedVersion: 6
  m_Component:
  - component: {fileID: 3136887599914023863}
  - component: {fileID: 3136887599914023857}
  - component: {fileID: 3136887599914023862}
  m_Layer: 9
  m_Name: RockHigh (9)
  m_TagString: Untagged
  m_Icon: {fileID: 0}
  m_NavMeshLayer: 0
  m_StaticEditorFlags: 0
  m_IsActive: 1
--- !u!4 &3136887599914023863
Transform:
  m_ObjectHideFlags: 0
  m_CorrespondingSourceObject: {fileID: 0}
  m_PrefabInstance: {fileID: 0}
  m_PrefabAsset: {fileID: 0}
  m_GameObject: {fileID: 3136887599914023860}
  m_LocalRotation: {x: -0.7189531, y: -0.62841964, z: 0.15106633, w: 0.25568378}
  m_LocalPosition: {x: -0.058, y: 0.978, z: -0.092}
  m_LocalScale: {x: 0.10023583, y: 0.062325064, z: 0.12838446}
  m_Children: []
  m_Father: {fileID: 6616382321845460117}
  m_RootOrder: 5
  m_LocalEulerAnglesHint: {x: -1.226, y: -356.97, z: -352.925}
--- !u!33 &3136887599914023857
MeshFilter:
  m_ObjectHideFlags: 0
  m_CorrespondingSourceObject: {fileID: 0}
  m_PrefabInstance: {fileID: 0}
  m_PrefabAsset: {fileID: 0}
  m_GameObject: {fileID: 3136887599914023860}
  m_Mesh: {fileID: 4912871785530174022, guid: c98e254a530e4ee4a8629d20e9aa25da, type: 3}
--- !u!23 &3136887599914023862
MeshRenderer:
  m_ObjectHideFlags: 0
  m_CorrespondingSourceObject: {fileID: 0}
  m_PrefabInstance: {fileID: 0}
  m_PrefabAsset: {fileID: 0}
  m_GameObject: {fileID: 3136887599914023860}
  m_Enabled: 1
  m_CastShadows: 1
  m_ReceiveShadows: 1
  m_DynamicOccludee: 1
  m_MotionVectors: 1
  m_LightProbeUsage: 1
  m_ReflectionProbeUsage: 1
  m_RayTracingMode: 2
  m_RayTraceProcedural: 0
  m_RenderingLayerMask: 1
  m_RendererPriority: 0
  m_Materials:
  - {fileID: 2100000, guid: d844be34a334bba4b9a4df70caa0d2c2, type: 2}
  m_StaticBatchInfo:
    firstSubMesh: 0
    subMeshCount: 0
  m_StaticBatchRoot: {fileID: 0}
  m_ProbeAnchor: {fileID: 0}
  m_LightProbeVolumeOverride: {fileID: 0}
  m_ScaleInLightmap: 1
  m_ReceiveGI: 1
  m_PreserveUVs: 0
  m_IgnoreNormalsForChartDetection: 0
  m_ImportantGI: 0
  m_StitchLightmapSeams: 1
  m_SelectedEditorRenderState: 3
  m_MinimumChartSize: 4
  m_AutoUVMaxDistance: 0.5
  m_AutoUVMaxAngle: 89
  m_LightmapParameters: {fileID: 0}
  m_SortingLayerID: 0
  m_SortingLayer: 0
  m_SortingOrder: 0
  m_AdditionalVertexStreams: {fileID: 0}
--- !u!1 &4362708326634573183
GameObject:
  m_ObjectHideFlags: 0
  m_CorrespondingSourceObject: {fileID: 0}
  m_PrefabInstance: {fileID: 0}
  m_PrefabAsset: {fileID: 0}
  serializedVersion: 6
  m_Component:
  - component: {fileID: 4362708326634573180}
  - component: {fileID: 4362708326634573171}
  - component: {fileID: 4362708326634573170}
  - component: {fileID: 4362708326634573181}
  - component: {fileID: 8026004070177385387}
  m_Layer: 9
  m_Name: paperPlaceholder
  m_TagString: Untagged
  m_Icon: {fileID: 0}
  m_NavMeshLayer: 0
  m_StaticEditorFlags: 0
  m_IsActive: 0
--- !u!4 &4362708326634573180
Transform:
  m_ObjectHideFlags: 0
  m_CorrespondingSourceObject: {fileID: 0}
  m_PrefabInstance: {fileID: 0}
  m_PrefabAsset: {fileID: 0}
  m_GameObject: {fileID: 4362708326634573183}
  m_LocalRotation: {x: -0.09926695, y: -0.87564975, z: 0.08081256, w: 0.46567476}
  m_LocalPosition: {x: 0.1437, y: 0.222, z: 0.076}
  m_LocalScale: {x: 0.111655034, y: -0.0030133345, z: 0.23931323}
  m_Children: []
  m_Father: {fileID: 6616382321845460117}
  m_RootOrder: 8
  m_LocalEulerAnglesHint: {x: -182.813, y: 56.364998, z: -165.557}
--- !u!33 &4362708326634573171
MeshFilter:
  m_ObjectHideFlags: 0
  m_CorrespondingSourceObject: {fileID: 0}
  m_PrefabInstance: {fileID: 0}
  m_PrefabAsset: {fileID: 0}
  m_GameObject: {fileID: 4362708326634573183}
  m_Mesh: {fileID: 10202, guid: 0000000000000000e000000000000000, type: 0}
--- !u!23 &4362708326634573170
MeshRenderer:
  m_ObjectHideFlags: 0
  m_CorrespondingSourceObject: {fileID: 0}
  m_PrefabInstance: {fileID: 0}
  m_PrefabAsset: {fileID: 0}
  m_GameObject: {fileID: 4362708326634573183}
  m_Enabled: 0
  m_CastShadows: 1
  m_ReceiveShadows: 1
  m_DynamicOccludee: 1
  m_MotionVectors: 1
  m_LightProbeUsage: 1
  m_ReflectionProbeUsage: 1
  m_RayTracingMode: 2
  m_RayTraceProcedural: 0
  m_RenderingLayerMask: 1
  m_RendererPriority: 0
  m_Materials:
  - {fileID: 2100000, guid: 31321ba15b8f8eb4c954353edc038b1d, type: 2}
  m_StaticBatchInfo:
    firstSubMesh: 0
    subMeshCount: 0
  m_StaticBatchRoot: {fileID: 0}
  m_ProbeAnchor: {fileID: 0}
  m_LightProbeVolumeOverride: {fileID: 0}
  m_ScaleInLightmap: 1
  m_ReceiveGI: 1
  m_PreserveUVs: 0
  m_IgnoreNormalsForChartDetection: 0
  m_ImportantGI: 0
  m_StitchLightmapSeams: 1
  m_SelectedEditorRenderState: 3
  m_MinimumChartSize: 4
  m_AutoUVMaxDistance: 0.5
  m_AutoUVMaxAngle: 89
  m_LightmapParameters: {fileID: 0}
  m_SortingLayerID: 0
  m_SortingLayer: 0
  m_SortingOrder: 0
  m_AdditionalVertexStreams: {fileID: 0}
--- !u!65 &4362708326634573181
BoxCollider:
  m_ObjectHideFlags: 0
  m_CorrespondingSourceObject: {fileID: 0}
  m_PrefabInstance: {fileID: 0}
  m_PrefabAsset: {fileID: 0}
  m_GameObject: {fileID: 4362708326634573183}
  m_Material: {fileID: 0}
  m_IsTrigger: 0
  m_Enabled: 1
  serializedVersion: 2
  m_Size: {x: 1, y: 1, z: 1}
  m_Center: {x: 0, y: 0, z: 0}
--- !u!114 &8026004070177385387
MonoBehaviour:
  m_ObjectHideFlags: 0
  m_CorrespondingSourceObject: {fileID: 0}
  m_PrefabInstance: {fileID: 0}
  m_PrefabAsset: {fileID: 0}
  m_GameObject: {fileID: 4362708326634573183}
  m_Enabled: 1
  m_EditorHideFlags: 0
  m_Script: {fileID: 11500000, guid: 7d40aa45fa1077a44934d0a4f78bc807, type: 3}
  m_Name: 
  m_EditorClassIdentifier: 
  index: 5
--- !u!1 &4362708327613114381
GameObject:
  m_ObjectHideFlags: 0
  m_CorrespondingSourceObject: {fileID: 0}
  m_PrefabInstance: {fileID: 0}
  m_PrefabAsset: {fileID: 0}
  serializedVersion: 6
  m_Component:
  - component: {fileID: 4362708327613114370}
  - component: {fileID: 4362708327613114368}
  - component: {fileID: 4362708327613114371}
  m_Layer: 9
  m_Name: Panel (1)
  m_TagString: Untagged
  m_Icon: {fileID: 0}
  m_NavMeshLayer: 0
  m_StaticEditorFlags: 0
  m_IsActive: 1
--- !u!224 &4362708327613114370
RectTransform:
  m_ObjectHideFlags: 0
  m_CorrespondingSourceObject: {fileID: 0}
  m_PrefabInstance: {fileID: 0}
  m_PrefabAsset: {fileID: 0}
  m_GameObject: {fileID: 4362708327613114381}
  m_LocalRotation: {x: 0, y: 0, z: 0, w: 1}
  m_LocalPosition: {x: 0, y: 0, z: 3.61}
  m_LocalScale: {x: 0.8837504, y: 0.5864615, z: 0.84266555}
  m_Children: []
  m_Father: {fileID: 3080741652596260876}
  m_RootOrder: 1
  m_LocalEulerAnglesHint: {x: 0, y: 0, z: 0}
  m_AnchorMin: {x: 0, y: 0}
  m_AnchorMax: {x: 1, y: 1}
  m_AnchoredPosition: {x: 0, y: -0}
  m_SizeDelta: {x: 0, y: 0}
  m_Pivot: {x: 0.5, y: 0.5}
--- !u!222 &4362708327613114368
CanvasRenderer:
  m_ObjectHideFlags: 0
  m_CorrespondingSourceObject: {fileID: 0}
  m_PrefabInstance: {fileID: 0}
  m_PrefabAsset: {fileID: 0}
  m_GameObject: {fileID: 4362708327613114381}
  m_CullTransparentMesh: 0
--- !u!114 &4362708327613114371
MonoBehaviour:
  m_ObjectHideFlags: 0
  m_CorrespondingSourceObject: {fileID: 0}
  m_PrefabInstance: {fileID: 0}
  m_PrefabAsset: {fileID: 0}
  m_GameObject: {fileID: 4362708327613114381}
  m_Enabled: 1
  m_EditorHideFlags: 0
  m_Script: {fileID: 11500000, guid: fe87c0e1cc204ed48ad3b37840f39efc, type: 3}
  m_Name: 
  m_EditorClassIdentifier: 
  m_Material: {fileID: 0}
  m_Color: {r: 0.047169805, g: 0.047169805, b: 0.047169805, a: 1}
  m_RaycastTarget: 1
  m_RaycastPadding: {x: 0, y: 0, z: 0, w: 0}
  m_Maskable: 1
  m_OnCullStateChanged:
    m_PersistentCalls:
      m_Calls: []
  m_Sprite: {fileID: 1080825480604336155, guid: dcf77d108907bd14f83919bc93f76e17, type: 3}
  m_Type: 0
  m_PreserveAspect: 0
  m_FillCenter: 1
  m_FillMethod: 4
  m_FillAmount: 1
  m_FillClockwise: 1
  m_FillOrigin: 0
  m_UseSpriteMesh: 0
  m_PixelsPerUnitMultiplier: 1
--- !u!65 &7854318407664203407
BoxCollider:
  m_ObjectHideFlags: 0
  m_CorrespondingSourceObject: {fileID: 0}
  m_PrefabInstance: {fileID: 0}
  m_PrefabAsset: {fileID: 0}
  m_GameObject: {fileID: 6043922514782969029}
  m_Material: {fileID: 0}
  m_IsTrigger: 0
  m_Enabled: 1
  serializedVersion: 2
  m_Size: {x: 0.0014102053, y: 0.0033351658, z: 0.0000611486}
  m_Center: {x: -0.0002580607, y: -0.000070693175, z: 0.0000305742}
--- !u!114 &603193935424481892
MonoBehaviour:
  m_ObjectHideFlags: 0
  m_CorrespondingSourceObject: {fileID: 0}
  m_PrefabInstance: {fileID: 0}
  m_PrefabAsset: {fileID: 0}
  m_GameObject: {fileID: 6043922514782969029}
  m_Enabled: 1
  m_EditorHideFlags: 0
  m_Script: {fileID: 11500000, guid: 7d40aa45fa1077a44934d0a4f78bc807, type: 3}
  m_Name: 
  m_EditorClassIdentifier: 
  index: 5
--- !u!1 &6360705516746675883
GameObject:
  m_ObjectHideFlags: 0
  m_CorrespondingSourceObject: {fileID: 0}
  m_PrefabInstance: {fileID: 0}
  m_PrefabAsset: {fileID: 0}
  serializedVersion: 6
  m_Component:
  - component: {fileID: 142090628441155223}
  - component: {fileID: 867374348855639995}
  m_Layer: 9
  m_Name: Foto02
  m_TagString: Untagged
  m_Icon: {fileID: 0}
  m_NavMeshLayer: 0
  m_StaticEditorFlags: 0
  m_IsActive: 0
--- !u!4 &142090628441155223
Transform:
  m_ObjectHideFlags: 0
  m_CorrespondingSourceObject: {fileID: 0}
  m_PrefabInstance: {fileID: 0}
  m_PrefabAsset: {fileID: 0}
  m_GameObject: {fileID: 6360705516746675883}
  m_LocalRotation: {x: -0.606332, y: 0.2516844, z: 0.2518634, w: 0.71104234}
  m_LocalPosition: {x: 0.04, y: 0.228, z: 0.091}
  m_LocalScale: {x: 0.053420004, y: 0.037350003, z: 0.008750001}
  m_Children: []
  m_Father: {fileID: 6616382321845460117}
  m_RootOrder: 10
  m_LocalEulerAnglesHint: {x: -98.492, y: 560.821, z: -518.98303}
--- !u!212 &867374348855639995
SpriteRenderer:
  m_ObjectHideFlags: 0
  m_CorrespondingSourceObject: {fileID: 0}
  m_PrefabInstance: {fileID: 0}
  m_PrefabAsset: {fileID: 0}
  m_GameObject: {fileID: 6360705516746675883}
  m_Enabled: 1
  m_CastShadows: 0
  m_ReceiveShadows: 0
  m_DynamicOccludee: 1
  m_MotionVectors: 1
  m_LightProbeUsage: 1
  m_ReflectionProbeUsage: 1
  m_RayTracingMode: 0
  m_RayTraceProcedural: 0
  m_RenderingLayerMask: 1
  m_RendererPriority: 0
  m_Materials:
  - {fileID: 10754, guid: 0000000000000000f000000000000000, type: 0}
  m_StaticBatchInfo:
    firstSubMesh: 0
    subMeshCount: 0
  m_StaticBatchRoot: {fileID: 0}
  m_ProbeAnchor: {fileID: 0}
  m_LightProbeVolumeOverride: {fileID: 0}
  m_ScaleInLightmap: 1
  m_ReceiveGI: 1
  m_PreserveUVs: 0
  m_IgnoreNormalsForChartDetection: 0
  m_ImportantGI: 0
  m_StitchLightmapSeams: 1
  m_SelectedEditorRenderState: 0
  m_MinimumChartSize: 4
  m_AutoUVMaxDistance: 0.5
  m_AutoUVMaxAngle: 89
  m_LightmapParameters: {fileID: 0}
  m_SortingLayerID: 0
  m_SortingLayer: 0
  m_SortingOrder: 0
  m_Sprite: {fileID: 21300000, guid: e51414b21de551d48b7cea51d35820c4, type: 3}
  m_Color: {r: 0.3584906, g: 0.3584906, b: 0.3584906, a: 1}
  m_FlipX: 0
  m_FlipY: 0
  m_DrawMode: 0
  m_Size: {x: 6.83, y: 9.76}
  m_AdaptiveModeThreshold: 0.5
  m_SpriteTileMode: 0
  m_WasSpriteAssigned: 1
  m_MaskInteraction: 0
  m_SpriteSortPoint: 0
--- !u!1001 &3080741652855552366
PrefabInstance:
  m_ObjectHideFlags: 0
  serializedVersion: 2
  m_Modification:
    m_TransformParent: {fileID: 3080741651762281298}
    m_Modifications:
    - target: {fileID: -8679921383154817045, guid: fb21799c20a169e43a8aa0c706465b72, type: 3}
      propertyPath: m_RootOrder
      value: 0
      objectReference: {fileID: 0}
    - target: {fileID: -8679921383154817045, guid: fb21799c20a169e43a8aa0c706465b72, type: 3}
      propertyPath: m_LocalScale.x
      value: 31.913317
      objectReference: {fileID: 0}
    - target: {fileID: -8679921383154817045, guid: fb21799c20a169e43a8aa0c706465b72, type: 3}
      propertyPath: m_LocalScale.y
      value: 31.91332
      objectReference: {fileID: 0}
    - target: {fileID: -8679921383154817045, guid: fb21799c20a169e43a8aa0c706465b72, type: 3}
      propertyPath: m_LocalScale.z
      value: 31.913317
      objectReference: {fileID: 0}
    - target: {fileID: -8679921383154817045, guid: fb21799c20a169e43a8aa0c706465b72, type: 3}
      propertyPath: m_LocalPosition.x
      value: 0.05073
      objectReference: {fileID: 0}
    - target: {fileID: -8679921383154817045, guid: fb21799c20a169e43a8aa0c706465b72, type: 3}
      propertyPath: m_LocalPosition.y
      value: 0.0045486
      objectReference: {fileID: 0}
    - target: {fileID: -8679921383154817045, guid: fb21799c20a169e43a8aa0c706465b72, type: 3}
      propertyPath: m_LocalPosition.z
      value: 0.053296
      objectReference: {fileID: 0}
    - target: {fileID: -8679921383154817045, guid: fb21799c20a169e43a8aa0c706465b72, type: 3}
      propertyPath: m_LocalRotation.w
      value: 0.9285281
      objectReference: {fileID: 0}
    - target: {fileID: -8679921383154817045, guid: fb21799c20a169e43a8aa0c706465b72, type: 3}
      propertyPath: m_LocalRotation.x
      value: -0
      objectReference: {fileID: 0}
    - target: {fileID: -8679921383154817045, guid: fb21799c20a169e43a8aa0c706465b72, type: 3}
      propertyPath: m_LocalRotation.y
      value: 0.37126228
      objectReference: {fileID: 0}
    - target: {fileID: -8679921383154817045, guid: fb21799c20a169e43a8aa0c706465b72, type: 3}
      propertyPath: m_LocalRotation.z
      value: -0
      objectReference: {fileID: 0}
    - target: {fileID: -8679921383154817045, guid: fb21799c20a169e43a8aa0c706465b72, type: 3}
      propertyPath: m_LocalEulerAnglesHint.x
      value: 0
      objectReference: {fileID: 0}
    - target: {fileID: -8679921383154817045, guid: fb21799c20a169e43a8aa0c706465b72, type: 3}
      propertyPath: m_LocalEulerAnglesHint.y
      value: 43.587
      objectReference: {fileID: 0}
    - target: {fileID: -8679921383154817045, guid: fb21799c20a169e43a8aa0c706465b72, type: 3}
      propertyPath: m_LocalEulerAnglesHint.z
      value: 0
      objectReference: {fileID: 0}
    - target: {fileID: -7511558181221131132, guid: fb21799c20a169e43a8aa0c706465b72, type: 3}
      propertyPath: m_Materials.Array.data[0]
      value: 
      objectReference: {fileID: 2100000, guid: c3658662e08569148a88a22e246a2801, type: 2}
    - target: {fileID: 919132149155446097, guid: fb21799c20a169e43a8aa0c706465b72, type: 3}
      propertyPath: m_Name
      value: binoculares_Low (1)
      objectReference: {fileID: 0}
    - target: {fileID: 919132149155446097, guid: fb21799c20a169e43a8aa0c706465b72, type: 3}
      propertyPath: m_Layer
      value: 9
      objectReference: {fileID: 0}
    - target: {fileID: 919132149155446097, guid: fb21799c20a169e43a8aa0c706465b72, type: 3}
      propertyPath: m_IsActive
      value: 0
      objectReference: {fileID: 0}
    m_RemovedComponents: []
  m_SourcePrefab: {fileID: 100100000, guid: fb21799c20a169e43a8aa0c706465b72, type: 3}
--- !u!4 &3263499256854027909 stripped
Transform:
  m_CorrespondingSourceObject: {fileID: -8679921383154817045, guid: fb21799c20a169e43a8aa0c706465b72, type: 3}
  m_PrefabInstance: {fileID: 3080741652855552366}
  m_PrefabAsset: {fileID: 0}
--- !u!1 &2738637054248830015 stripped
GameObject:
  m_CorrespondingSourceObject: {fileID: 919132149155446097, guid: fb21799c20a169e43a8aa0c706465b72, type: 3}
  m_PrefabInstance: {fileID: 3080741652855552366}
  m_PrefabAsset: {fileID: 0}
--- !u!1001 &6854824225984930196
PrefabInstance:
  m_ObjectHideFlags: 0
  serializedVersion: 2
  m_Modification:
    m_TransformParent: {fileID: 6616382321845460117}
    m_Modifications:
    - target: {fileID: -8679921383154817045, guid: ceeea8d84b8c0ed40a15608ce42aeb43, type: 3}
      propertyPath: m_RootOrder
      value: 7
      objectReference: {fileID: 0}
    - target: {fileID: -8679921383154817045, guid: ceeea8d84b8c0ed40a15608ce42aeb43, type: 3}
      propertyPath: m_LocalScale.x
      value: 96.81355
      objectReference: {fileID: 0}
    - target: {fileID: -8679921383154817045, guid: ceeea8d84b8c0ed40a15608ce42aeb43, type: 3}
      propertyPath: m_LocalScale.y
      value: 72.7186
      objectReference: {fileID: 0}
    - target: {fileID: -8679921383154817045, guid: ceeea8d84b8c0ed40a15608ce42aeb43, type: 3}
      propertyPath: m_LocalScale.z
      value: 96.81356
      objectReference: {fileID: 0}
    - target: {fileID: -8679921383154817045, guid: ceeea8d84b8c0ed40a15608ce42aeb43, type: 3}
      propertyPath: m_LocalPosition.x
      value: 0.1549
      objectReference: {fileID: 0}
    - target: {fileID: -8679921383154817045, guid: ceeea8d84b8c0ed40a15608ce42aeb43, type: 3}
      propertyPath: m_LocalPosition.y
      value: 0.207
      objectReference: {fileID: 0}
    - target: {fileID: -8679921383154817045, guid: ceeea8d84b8c0ed40a15608ce42aeb43, type: 3}
      propertyPath: m_LocalPosition.z
      value: 0.0468
      objectReference: {fileID: 0}
    - target: {fileID: -8679921383154817045, guid: ceeea8d84b8c0ed40a15608ce42aeb43, type: 3}
      propertyPath: m_LocalRotation.w
      value: 0.62322176
      objectReference: {fileID: 0}
    - target: {fileID: -8679921383154817045, guid: ceeea8d84b8c0ed40a15608ce42aeb43, type: 3}
      propertyPath: m_LocalRotation.x
      value: -0.6439416
      objectReference: {fileID: 0}
    - target: {fileID: -8679921383154817045, guid: ceeea8d84b8c0ed40a15608ce42aeb43, type: 3}
      propertyPath: m_LocalRotation.y
      value: 0.3428102
      objectReference: {fileID: 0}
    - target: {fileID: -8679921383154817045, guid: ceeea8d84b8c0ed40a15608ce42aeb43, type: 3}
      propertyPath: m_LocalRotation.z
      value: 0.28180686
      objectReference: {fileID: 0}
    - target: {fileID: -8679921383154817045, guid: ceeea8d84b8c0ed40a15608ce42aeb43, type: 3}
      propertyPath: m_LocalEulerAnglesHint.x
      value: 264.778
      objectReference: {fileID: 0}
    - target: {fileID: -8679921383154817045, guid: ceeea8d84b8c0ed40a15608ce42aeb43, type: 3}
      propertyPath: m_LocalEulerAnglesHint.y
      value: -45
      objectReference: {fileID: 0}
    - target: {fileID: -8679921383154817045, guid: ceeea8d84b8c0ed40a15608ce42aeb43, type: 3}
      propertyPath: m_LocalEulerAnglesHint.z
      value: -262.52
      objectReference: {fileID: 0}
    - target: {fileID: 919132149155446097, guid: ceeea8d84b8c0ed40a15608ce42aeb43, type: 3}
      propertyPath: m_Name
      value: photoInObject
      objectReference: {fileID: 0}
    - target: {fileID: 919132149155446097, guid: ceeea8d84b8c0ed40a15608ce42aeb43, type: 3}
      propertyPath: m_Layer
      value: 9
      objectReference: {fileID: 0}
    m_RemovedComponents: []
  m_SourcePrefab: {fileID: 100100000, guid: ceeea8d84b8c0ed40a15608ce42aeb43, type: 3}
--- !u!1 &6043922514782969029 stripped
GameObject:
  m_CorrespondingSourceObject: {fileID: 919132149155446097, guid: ceeea8d84b8c0ed40a15608ce42aeb43, type: 3}
  m_PrefabInstance: {fileID: 6854824225984930196}
  m_PrefabAsset: {fileID: 0}
--- !u!4 &6389344729228609151 stripped
Transform:
  m_CorrespondingSourceObject: {fileID: -8679921383154817045, guid: ceeea8d84b8c0ed40a15608ce42aeb43, type: 3}
  m_PrefabInstance: {fileID: 6854824225984930196}
  m_PrefabAsset: {fileID: 0}
