%YAML 1.1
%TAG !u! tag:unity3d.com,2011:
--- !u!1 &40656475
GameObject:
  m_ObjectHideFlags: 0
  m_CorrespondingSourceObject: {fileID: 0}
  m_PrefabInstance: {fileID: 0}
  m_PrefabAsset: {fileID: 0}
  serializedVersion: 6
  m_Component:
  - component: {fileID: 40656476}
  - component: {fileID: 40656478}
  - component: {fileID: 40656477}
  m_Layer: 0
  m_Name: VoicePilaRocas
  m_TagString: Untagged
  m_Icon: {fileID: 0}
  m_NavMeshLayer: 0
  m_StaticEditorFlags: 0
  m_IsActive: 1
--- !u!4 &40656476
Transform:
  m_ObjectHideFlags: 0
  m_CorrespondingSourceObject: {fileID: 0}
  m_PrefabInstance: {fileID: 0}
  m_PrefabAsset: {fileID: 0}
  m_GameObject: {fileID: 40656475}
  m_LocalRotation: {x: -0, y: -0, z: -0, w: 1}
  m_LocalPosition: {x: 121.2, y: 1.34, z: 44.5}
  m_LocalScale: {x: 1, y: 1, z: 1}
  m_Children: []
  m_Father: {fileID: 6474624507683805652}
  m_RootOrder: 4
  m_LocalEulerAnglesHint: {x: 0, y: 0, z: 0}
--- !u!114 &40656478
MonoBehaviour:
  m_ObjectHideFlags: 0
  m_CorrespondingSourceObject: {fileID: 0}
  m_PrefabInstance: {fileID: 0}
  m_PrefabAsset: {fileID: 0}
  m_GameObject: {fileID: 40656475}
  m_Enabled: 1
  m_EditorHideFlags: 0
  m_Script: {fileID: 11500000, guid: 05521df2f2714b140940b943ed983c16, type: 3}
  m_Name: 
  m_EditorClassIdentifier: 
  Subtitles:
  - subtitle: I remember this place
    time: 0
  VoiceClip: {fileID: 8300000, guid: 8dfe9819b3d06ff4ab2cee26ecc8d189, type: 3}
  destroyGameObject: 1
--- !u!135 &40656477
SphereCollider:
  m_ObjectHideFlags: 0
  m_CorrespondingSourceObject: {fileID: 0}
  m_PrefabInstance: {fileID: 0}
  m_PrefabAsset: {fileID: 0}
  m_GameObject: {fileID: 40656475}
  m_Material: {fileID: 0}
  m_IsTrigger: 1
  m_Enabled: 1
  serializedVersion: 2
  m_Radius: 6
  m_Center: {x: 0, y: 0, z: 0}
--- !u!1 &55463809
GameObject:
  m_ObjectHideFlags: 0
  m_CorrespondingSourceObject: {fileID: 0}
  m_PrefabInstance: {fileID: 0}
  m_PrefabAsset: {fileID: 0}
  serializedVersion: 6
  m_Component:
  - component: {fileID: 55463812}
  - component: {fileID: 55463811}
  - component: {fileID: 55463810}
  m_Layer: 0
  m_Name: VoiceIntro
  m_TagString: Untagged
  m_Icon: {fileID: 0}
  m_NavMeshLayer: 0
  m_StaticEditorFlags: 0
  m_IsActive: 1
--- !u!4 &55463812
Transform:
  m_ObjectHideFlags: 0
  m_CorrespondingSourceObject: {fileID: 0}
  m_PrefabInstance: {fileID: 0}
  m_PrefabAsset: {fileID: 0}
  m_GameObject: {fileID: 55463809}
  m_LocalRotation: {x: -0, y: -0, z: -0, w: 1}
  m_LocalPosition: {x: 14.71, y: 0.118, z: 13.28}
  m_LocalScale: {x: 1, y: 1, z: 1}
  m_Children: []
  m_Father: {fileID: 6474624507683805652}
  m_RootOrder: 0
  m_LocalEulerAnglesHint: {x: 0, y: 0, z: 0}
--- !u!114 &55463811
MonoBehaviour:
  m_ObjectHideFlags: 0
  m_CorrespondingSourceObject: {fileID: 0}
  m_PrefabInstance: {fileID: 0}
  m_PrefabAsset: {fileID: 0}
  m_GameObject: {fileID: 55463809}
  m_Enabled: 1
  m_EditorHideFlags: 0
  m_Script: {fileID: 11500000, guid: 05521df2f2714b140940b943ed983c16, type: 3}
  m_Name: 
  m_EditorClassIdentifier: 
  Subtitles:
  - subtitle: Umm, I know this forest...
    time: 0
  VoiceClip: {fileID: 8300000, guid: e3ccfd7e795b4a04e88f5b1e27be9e8a, type: 3}
  destroyGameObject: 1
--- !u!135 &55463810
SphereCollider:
  m_ObjectHideFlags: 0
  m_CorrespondingSourceObject: {fileID: 0}
  m_PrefabInstance: {fileID: 0}
  m_PrefabAsset: {fileID: 0}
  m_GameObject: {fileID: 55463809}
  m_Material: {fileID: 0}
  m_IsTrigger: 1
  m_Enabled: 1
  serializedVersion: 2
  m_Radius: 6
  m_Center: {x: 0, y: 0, z: 0}
--- !u!1 &77931310
GameObject:
  m_ObjectHideFlags: 0
  m_CorrespondingSourceObject: {fileID: 0}
  m_PrefabInstance: {fileID: 0}
  m_PrefabAsset: {fileID: 0}
  serializedVersion: 6
  m_Component:
  - component: {fileID: 77931311}
  - component: {fileID: 393773663188809559}
  m_Layer: 0
  m_Name: RandomPlaces
  m_TagString: Untagged
  m_Icon: {fileID: 0}
  m_NavMeshLayer: 0
  m_StaticEditorFlags: 0
  m_IsActive: 1
--- !u!4 &77931311
Transform:
  m_ObjectHideFlags: 0
  m_CorrespondingSourceObject: {fileID: 0}
  m_PrefabInstance: {fileID: 0}
  m_PrefabAsset: {fileID: 0}
  m_GameObject: {fileID: 77931310}
  m_LocalRotation: {x: -0, y: -0, z: -0, w: 1}
  m_LocalPosition: {x: 0, y: 0, z: 0}
  m_LocalScale: {x: 1, y: 1, z: 1}
  m_Children:
  - {fileID: 873448882}
  - {fileID: 1516480992}
  - {fileID: 705585604}
  - {fileID: 812208328}
  - {fileID: 873080269}
  - {fileID: 1964887931}
  m_Father: {fileID: 4242933276540633669}
  m_RootOrder: 4
  m_LocalEulerAnglesHint: {x: 0, y: 0, z: 0}
--- !u!114 &393773663188809559
MonoBehaviour:
  m_ObjectHideFlags: 0
  m_CorrespondingSourceObject: {fileID: 0}
  m_PrefabInstance: {fileID: 0}
  m_PrefabAsset: {fileID: 0}
  m_GameObject: {fileID: 77931310}
  m_Enabled: 1
  m_EditorHideFlags: 0
  m_Script: {fileID: 11500000, guid: 21576451785f37143923cd73da9d8b41, type: 3}
  m_Name: 
  m_EditorClassIdentifier: 
  Transforms:
  - {fileID: 873448882}
  - {fileID: 1516480992}
  - {fileID: 705585604}
  - {fileID: 812208328}
  - {fileID: 873080269}
  - {fileID: 1964887931}
--- !u!1 &154768635
GameObject:
  m_ObjectHideFlags: 0
  m_CorrespondingSourceObject: {fileID: 0}
  m_PrefabInstance: {fileID: 0}
  m_PrefabAsset: {fileID: 0}
  serializedVersion: 6
  m_Component:
  - component: {fileID: 154768636}
  - component: {fileID: 154768638}
  - component: {fileID: 154768637}
  m_Layer: 0
  m_Name: VoiceCamping
  m_TagString: Untagged
  m_Icon: {fileID: 0}
  m_NavMeshLayer: 0
  m_StaticEditorFlags: 0
  m_IsActive: 1
--- !u!4 &154768636
Transform:
  m_ObjectHideFlags: 0
  m_CorrespondingSourceObject: {fileID: 0}
  m_PrefabInstance: {fileID: 0}
  m_PrefabAsset: {fileID: 0}
  m_GameObject: {fileID: 154768635}
  m_LocalRotation: {x: -0, y: -0, z: -0, w: 1}
  m_LocalPosition: {x: 18.52, y: 0.067, z: 46.43}
  m_LocalScale: {x: 1, y: 1, z: 1}
  m_Children: []
  m_Father: {fileID: 6474624507683805652}
  m_RootOrder: 1
  m_LocalEulerAnglesHint: {x: 0, y: 0, z: 0}
--- !u!114 &154768638
MonoBehaviour:
  m_ObjectHideFlags: 0
  m_CorrespondingSourceObject: {fileID: 0}
  m_PrefabInstance: {fileID: 0}
  m_PrefabAsset: {fileID: 0}
  m_GameObject: {fileID: 154768635}
  m_Enabled: 1
  m_EditorHideFlags: 0
  m_Script: {fileID: 11500000, guid: 05521df2f2714b140940b943ed983c16, type: 3}
  m_Name: 
  m_EditorClassIdentifier: 
  Subtitles:
  - subtitle: I remember this place...
    time: 0
  VoiceClip: {fileID: 8300000, guid: 3b65f0e118c4cfe4d9c3c62daecffbbc, type: 3}
  destroyGameObject: 1
--- !u!135 &154768637
SphereCollider:
  m_ObjectHideFlags: 0
  m_CorrespondingSourceObject: {fileID: 0}
  m_PrefabInstance: {fileID: 0}
  m_PrefabAsset: {fileID: 0}
  m_GameObject: {fileID: 154768635}
  m_Material: {fileID: 0}
  m_IsTrigger: 1
  m_Enabled: 1
  serializedVersion: 2
  m_Radius: 6
  m_Center: {x: 0, y: 0, z: 0}
--- !u!1 &338145974
GameObject:
  m_ObjectHideFlags: 0
  m_CorrespondingSourceObject: {fileID: 0}
  m_PrefabInstance: {fileID: 0}
  m_PrefabAsset: {fileID: 0}
  serializedVersion: 6
  m_Component:
  - component: {fileID: 338145975}
  - component: {fileID: 338145977}
  - component: {fileID: 338145976}
  m_Layer: 0
  m_Name: VoiceCabania
  m_TagString: Untagged
  m_Icon: {fileID: 0}
  m_NavMeshLayer: 0
  m_StaticEditorFlags: 0
  m_IsActive: 1
--- !u!4 &338145975
Transform:
  m_ObjectHideFlags: 0
  m_CorrespondingSourceObject: {fileID: 0}
  m_PrefabInstance: {fileID: 0}
  m_PrefabAsset: {fileID: 0}
  m_GameObject: {fileID: 338145974}
  m_LocalRotation: {x: -0, y: -0, z: -0, w: 1}
  m_LocalPosition: {x: 69.6, y: -0.004999995, z: 82.19091}
  m_LocalScale: {x: 1, y: 1, z: 1}
  m_Children: []
  m_Father: {fileID: 6474624507683805652}
  m_RootOrder: 3
  m_LocalEulerAnglesHint: {x: 0, y: 0, z: 0}
--- !u!114 &338145977
MonoBehaviour:
  m_ObjectHideFlags: 0
  m_CorrespondingSourceObject: {fileID: 0}
  m_PrefabInstance: {fileID: 0}
  m_PrefabAsset: {fileID: 0}
  m_GameObject: {fileID: 338145974}
  m_Enabled: 1
  m_EditorHideFlags: 0
  m_Script: {fileID: 11500000, guid: 05521df2f2714b140940b943ed983c16, type: 3}
  m_Name: 
  m_EditorClassIdentifier: 
  Subtitles:
  - subtitle: This place...
    time: 0
  VoiceClip: {fileID: 8300000, guid: 3005bd4be3407ba41a770abe42754352, type: 3}
  destroyGameObject: 1
--- !u!135 &338145976
SphereCollider:
  m_ObjectHideFlags: 0
  m_CorrespondingSourceObject: {fileID: 0}
  m_PrefabInstance: {fileID: 0}
  m_PrefabAsset: {fileID: 0}
  m_GameObject: {fileID: 338145974}
  m_Material: {fileID: 0}
  m_IsTrigger: 1
  m_Enabled: 1
  serializedVersion: 2
  m_Radius: 10.27
  m_Center: {x: 0, y: 0, z: 0}
--- !u!1 &579423339
GameObject:
  m_ObjectHideFlags: 0
  m_CorrespondingSourceObject: {fileID: 0}
  m_PrefabInstance: {fileID: 0}
  m_PrefabAsset: {fileID: 0}
  serializedVersion: 6
  m_Component:
  - component: {fileID: 579423340}
  m_Layer: 0
  m_Name: LastObject
  m_TagString: Untagged
  m_Icon: {fileID: 0}
  m_NavMeshLayer: 0
  m_StaticEditorFlags: 0
  m_IsActive: 0
--- !u!4 &579423340
Transform:
  m_ObjectHideFlags: 0
  m_CorrespondingSourceObject: {fileID: 0}
  m_PrefabInstance: {fileID: 0}
  m_PrefabAsset: {fileID: 0}
  m_GameObject: {fileID: 579423339}
  m_LocalRotation: {x: -0, y: -0, z: -0, w: 1}
  m_LocalPosition: {x: 0, y: 0, z: 0}
  m_LocalScale: {x: 1, y: 1, z: 1}
  m_Children:
  - {fileID: 4696651966208730546}
  - {fileID: 878532551}
  - {fileID: 2260161726623971725}
  m_Father: {fileID: 4242933276540633669}
  m_RootOrder: 3
  m_LocalEulerAnglesHint: {x: 0, y: 0, z: 0}
--- !u!1 &705585603
GameObject:
  m_ObjectHideFlags: 0
  m_CorrespondingSourceObject: {fileID: 0}
  m_PrefabInstance: {fileID: 0}
  m_PrefabAsset: {fileID: 0}
  serializedVersion: 6
  m_Component:
  - component: {fileID: 705585604}
  m_Layer: 0
  m_Name: GameObject (2)
  m_TagString: Untagged
  m_Icon: {fileID: 0}
  m_NavMeshLayer: 0
  m_StaticEditorFlags: 0
  m_IsActive: 1
--- !u!4 &705585604
Transform:
  m_ObjectHideFlags: 0
  m_CorrespondingSourceObject: {fileID: 0}
  m_PrefabInstance: {fileID: 0}
  m_PrefabAsset: {fileID: 0}
  m_GameObject: {fileID: 705585603}
  m_LocalRotation: {x: 0, y: 0, z: 0, w: 1}
  m_LocalPosition: {x: 57.9, y: 1, z: 46.5}
  m_LocalScale: {x: 1, y: 1, z: 1}
  m_Children: []
  m_Father: {fileID: 77931311}
  m_RootOrder: 2
  m_LocalEulerAnglesHint: {x: 0, y: 0, z: 0}
--- !u!1 &812208327
GameObject:
  m_ObjectHideFlags: 0
  m_CorrespondingSourceObject: {fileID: 0}
  m_PrefabInstance: {fileID: 0}
  m_PrefabAsset: {fileID: 0}
  serializedVersion: 6
  m_Component:
  - component: {fileID: 812208328}
  m_Layer: 0
  m_Name: GameObject (3)
  m_TagString: Untagged
  m_Icon: {fileID: 0}
  m_NavMeshLayer: 0
  m_StaticEditorFlags: 0
  m_IsActive: 1
--- !u!4 &812208328
Transform:
  m_ObjectHideFlags: 0
  m_CorrespondingSourceObject: {fileID: 0}
  m_PrefabInstance: {fileID: 0}
  m_PrefabAsset: {fileID: 0}
  m_GameObject: {fileID: 812208327}
  m_LocalRotation: {x: 0, y: 0, z: 0, w: 1}
  m_LocalPosition: {x: 25.54, y: 1, z: 30.29}
  m_LocalScale: {x: 1, y: 1, z: 1}
  m_Children: []
  m_Father: {fileID: 77931311}
  m_RootOrder: 3
  m_LocalEulerAnglesHint: {x: 0, y: 0, z: 0}
--- !u!1 &873080268
GameObject:
  m_ObjectHideFlags: 0
  m_CorrespondingSourceObject: {fileID: 0}
  m_PrefabInstance: {fileID: 0}
  m_PrefabAsset: {fileID: 0}
  serializedVersion: 6
  m_Component:
  - component: {fileID: 873080269}
  m_Layer: 0
  m_Name: GameObject (4)
  m_TagString: Untagged
  m_Icon: {fileID: 0}
  m_NavMeshLayer: 0
  m_StaticEditorFlags: 0
  m_IsActive: 1
--- !u!4 &873080269
Transform:
  m_ObjectHideFlags: 0
  m_CorrespondingSourceObject: {fileID: 0}
  m_PrefabInstance: {fileID: 0}
  m_PrefabAsset: {fileID: 0}
  m_GameObject: {fileID: 873080268}
  m_LocalRotation: {x: 0, y: 0, z: 0, w: 1}
  m_LocalPosition: {x: 77.38, y: 1, z: 63.8}
  m_LocalScale: {x: 1, y: 1, z: 1}
  m_Children: []
  m_Father: {fileID: 77931311}
  m_RootOrder: 4
  m_LocalEulerAnglesHint: {x: 0, y: 0, z: 0}
--- !u!1 &873448881
GameObject:
  m_ObjectHideFlags: 0
  m_CorrespondingSourceObject: {fileID: 0}
  m_PrefabInstance: {fileID: 0}
  m_PrefabAsset: {fileID: 0}
  serializedVersion: 6
  m_Component:
  - component: {fileID: 873448882}
  m_Layer: 0
  m_Name: GameObject
  m_TagString: Untagged
  m_Icon: {fileID: 0}
  m_NavMeshLayer: 0
  m_StaticEditorFlags: 0
  m_IsActive: 1
--- !u!4 &873448882
Transform:
  m_ObjectHideFlags: 0
  m_CorrespondingSourceObject: {fileID: 0}
  m_PrefabInstance: {fileID: 0}
  m_PrefabAsset: {fileID: 0}
  m_GameObject: {fileID: 873448881}
  m_LocalRotation: {x: 0, y: 0, z: 0, w: 1}
  m_LocalPosition: {x: 84.2, y: 1, z: 31.6}
  m_LocalScale: {x: 1, y: 1, z: 1}
  m_Children: []
  m_Father: {fileID: 77931311}
  m_RootOrder: 0
  m_LocalEulerAnglesHint: {x: 0, y: 0, z: 0}
--- !u!1 &878532550
GameObject:
  m_ObjectHideFlags: 0
  m_CorrespondingSourceObject: {fileID: 0}
  m_PrefabInstance: {fileID: 0}
  m_PrefabAsset: {fileID: 0}
  serializedVersion: 6
  m_Component:
  - component: {fileID: 878532551}
  - component: {fileID: 878532553}
  - component: {fileID: 878532552}
  m_Layer: 0
  m_Name: VoiceArbol
  m_TagString: Untagged
  m_Icon: {fileID: 0}
  m_NavMeshLayer: 0
  m_StaticEditorFlags: 0
  m_IsActive: 1
--- !u!4 &878532551
Transform:
  m_ObjectHideFlags: 0
  m_CorrespondingSourceObject: {fileID: 0}
  m_PrefabInstance: {fileID: 0}
  m_PrefabAsset: {fileID: 0}
  m_GameObject: {fileID: 878532550}
  m_LocalRotation: {x: -0, y: -0, z: -0, w: 1}
  m_LocalPosition: {x: 89.638, y: 0.186, z: 37.199}
  m_LocalScale: {x: 1, y: 1, z: 1}
  m_Children: []
  m_Father: {fileID: 579423340}
  m_RootOrder: 1
  m_LocalEulerAnglesHint: {x: 0, y: 0, z: 0}
--- !u!114 &878532553
MonoBehaviour:
  m_ObjectHideFlags: 0
  m_CorrespondingSourceObject: {fileID: 0}
  m_PrefabInstance: {fileID: 0}
  m_PrefabAsset: {fileID: 0}
  m_GameObject: {fileID: 878532550}
  m_Enabled: 1
  m_EditorHideFlags: 0
  m_Script: {fileID: 11500000, guid: 05521df2f2714b140940b943ed983c16, type: 3}
  m_Name: 
  m_EditorClassIdentifier: 
  Subtitles:
  - subtitle: This tree...
    time: 0
  VoiceClip: {fileID: 8300000, guid: 4b26c259b9dfe1c4b9786ce80e89bc36, type: 3}
  destroyGameObject: 1
--- !u!135 &878532552
SphereCollider:
  m_ObjectHideFlags: 0
  m_CorrespondingSourceObject: {fileID: 0}
  m_PrefabInstance: {fileID: 0}
  m_PrefabAsset: {fileID: 0}
  m_GameObject: {fileID: 878532550}
  m_Material: {fileID: 0}
  m_IsTrigger: 1
  m_Enabled: 1
  serializedVersion: 2
  m_Radius: 6
  m_Center: {x: 0, y: 0, z: 0}
--- !u!1 &981426124
GameObject:
  m_ObjectHideFlags: 0
  m_CorrespondingSourceObject: {fileID: 0}
  m_PrefabInstance: {fileID: 0}
  m_PrefabAsset: {fileID: 0}
  serializedVersion: 6
  m_Component:
  - component: {fileID: 981426125}
  - component: {fileID: 981426127}
  - component: {fileID: 981426126}
  m_Layer: 0
  m_Name: Dibujo
  m_TagString: Untagged
  m_Icon: {fileID: 0}
  m_NavMeshLayer: 0
  m_StaticEditorFlags: 0
  m_IsActive: 1
--- !u!4 &981426125
Transform:
  m_ObjectHideFlags: 0
  m_CorrespondingSourceObject: {fileID: 0}
  m_PrefabInstance: {fileID: 0}
  m_PrefabAsset: {fileID: 0}
  m_GameObject: {fileID: 981426124}
  m_LocalRotation: {x: -0, y: -0, z: -0, w: 1}
  m_LocalPosition: {x: 106.8, y: 0.25, z: 19.9}
  m_LocalScale: {x: 1, y: 1, z: 1}
  m_Children: []
  m_Father: {fileID: 6027960892322901578}
  m_RootOrder: 2
  m_LocalEulerAnglesHint: {x: 0, y: 0, z: 0}
--- !u!135 &981426127
SphereCollider:
  m_ObjectHideFlags: 0
  m_CorrespondingSourceObject: {fileID: 0}
  m_PrefabInstance: {fileID: 0}
  m_PrefabAsset: {fileID: 0}
  m_GameObject: {fileID: 981426124}
  m_Material: {fileID: 0}
  m_IsTrigger: 1
  m_Enabled: 1
  serializedVersion: 2
  m_Radius: 15.05
  m_Center: {x: 0, y: 0, z: 0}
--- !u!114 &981426126
MonoBehaviour:
  m_ObjectHideFlags: 0
  m_CorrespondingSourceObject: {fileID: 0}
  m_PrefabInstance: {fileID: 0}
  m_PrefabAsset: {fileID: 0}
  m_GameObject: {fileID: 981426124}
  m_Enabled: 1
  m_EditorHideFlags: 0
  m_Script: {fileID: 11500000, guid: cae6d5a50a46e7f42ac3de50afd15755, type: 3}
  m_Name: 
  m_EditorClassIdentifier: 
--- !u!1 &1002610321
GameObject:
  m_ObjectHideFlags: 0
  m_CorrespondingSourceObject: {fileID: 0}
  m_PrefabInstance: {fileID: 0}
  m_PrefabAsset: {fileID: 0}
  serializedVersion: 6
  m_Component:
  - component: {fileID: 1002610322}
  - component: {fileID: 1002610324}
  - component: {fileID: 1002610323}
  m_Layer: 0
  m_Name: Munieca
  m_TagString: Untagged
  m_Icon: {fileID: 0}
  m_NavMeshLayer: 0
  m_StaticEditorFlags: 0
  m_IsActive: 1
--- !u!4 &1002610322
Transform:
  m_ObjectHideFlags: 0
  m_CorrespondingSourceObject: {fileID: 0}
  m_PrefabInstance: {fileID: 0}
  m_PrefabAsset: {fileID: 0}
  m_GameObject: {fileID: 1002610321}
  m_LocalRotation: {x: -0, y: -0, z: -0, w: 1}
  m_LocalPosition: {x: 69.6, y: -0.004999995, z: 82.19091}
  m_LocalScale: {x: 1, y: 1, z: 1}
  m_Children: []
  m_Father: {fileID: 6027960892322901578}
  m_RootOrder: 3
  m_LocalEulerAnglesHint: {x: 0, y: 0, z: 0}
--- !u!135 &1002610324
SphereCollider:
  m_ObjectHideFlags: 0
  m_CorrespondingSourceObject: {fileID: 0}
  m_PrefabInstance: {fileID: 0}
  m_PrefabAsset: {fileID: 0}
  m_GameObject: {fileID: 1002610321}
  m_Material: {fileID: 0}
  m_IsTrigger: 1
  m_Enabled: 1
  serializedVersion: 2
  m_Radius: 15.05
  m_Center: {x: 0, y: 0, z: 0}
--- !u!114 &1002610323
MonoBehaviour:
  m_ObjectHideFlags: 0
  m_CorrespondingSourceObject: {fileID: 0}
  m_PrefabInstance: {fileID: 0}
  m_PrefabAsset: {fileID: 0}
  m_GameObject: {fileID: 1002610321}
  m_Enabled: 1
  m_EditorHideFlags: 0
  m_Script: {fileID: 11500000, guid: cae6d5a50a46e7f42ac3de50afd15755, type: 3}
  m_Name: 
  m_EditorClassIdentifier: 
--- !u!1 &1004128379
GameObject:
  m_ObjectHideFlags: 0
  m_CorrespondingSourceObject: {fileID: 0}
  m_PrefabInstance: {fileID: 0}
  m_PrefabAsset: {fileID: 0}
  serializedVersion: 6
  m_Component:
  - component: {fileID: 1004128380}
  - component: {fileID: 1004128382}
  - component: {fileID: 1004128381}
  m_Layer: 0
  m_Name: VoiceCave
  m_TagString: Untagged
  m_Icon: {fileID: 0}
  m_NavMeshLayer: 0
  m_StaticEditorFlags: 0
  m_IsActive: 1
--- !u!4 &1004128380
Transform:
  m_ObjectHideFlags: 0
  m_CorrespondingSourceObject: {fileID: 0}
  m_PrefabInstance: {fileID: 0}
  m_PrefabAsset: {fileID: 0}
  m_GameObject: {fileID: 1004128379}
  m_LocalRotation: {x: -0, y: -0, z: -0, w: 1}
  m_LocalPosition: {x: 106.8, y: 0.25, z: 19.9}
  m_LocalScale: {x: 1, y: 1, z: 1}
  m_Children: []
  m_Father: {fileID: 6474624507683805652}
  m_RootOrder: 2
  m_LocalEulerAnglesHint: {x: 0, y: 0, z: 0}
--- !u!114 &1004128382
MonoBehaviour:
  m_ObjectHideFlags: 0
  m_CorrespondingSourceObject: {fileID: 0}
  m_PrefabInstance: {fileID: 0}
  m_PrefabAsset: {fileID: 0}
  m_GameObject: {fileID: 1004128379}
  m_Enabled: 1
  m_EditorHideFlags: 0
  m_Script: {fileID: 11500000, guid: 05521df2f2714b140940b943ed983c16, type: 3}
  m_Name: 
  m_EditorClassIdentifier: 
  Subtitles:
  - subtitle: The Cave...
    time: 0
  VoiceClip: {fileID: 8300000, guid: e662cb925b4b35943b23400c61cee7c3, type: 3}
  destroyGameObject: 1
--- !u!135 &1004128381
SphereCollider:
  m_ObjectHideFlags: 0
  m_CorrespondingSourceObject: {fileID: 0}
  m_PrefabInstance: {fileID: 0}
  m_PrefabAsset: {fileID: 0}
  m_GameObject: {fileID: 1004128379}
  m_Material: {fileID: 0}
  m_IsTrigger: 1
  m_Enabled: 1
  serializedVersion: 2
  m_Radius: 6
  m_Center: {x: 0, y: 0, z: 0}
--- !u!1 &1516480991
GameObject:
  m_ObjectHideFlags: 0
  m_CorrespondingSourceObject: {fileID: 0}
  m_PrefabInstance: {fileID: 0}
  m_PrefabAsset: {fileID: 0}
  serializedVersion: 6
  m_Component:
  - component: {fileID: 1516480992}
  m_Layer: 0
  m_Name: GameObject (1)
  m_TagString: Untagged
  m_Icon: {fileID: 0}
  m_NavMeshLayer: 0
  m_StaticEditorFlags: 0
  m_IsActive: 1
--- !u!4 &1516480992
Transform:
  m_ObjectHideFlags: 0
  m_CorrespondingSourceObject: {fileID: 0}
  m_PrefabInstance: {fileID: 0}
  m_PrefabAsset: {fileID: 0}
  m_GameObject: {fileID: 1516480991}
  m_LocalRotation: {x: 0, y: 0, z: 0, w: 1}
  m_LocalPosition: {x: 96.8, y: 1, z: 55.4}
  m_LocalScale: {x: 1, y: 1, z: 1}
  m_Children: []
  m_Father: {fileID: 77931311}
  m_RootOrder: 1
  m_LocalEulerAnglesHint: {x: 0, y: 0, z: 0}
--- !u!1 &1537735417
GameObject:
  m_ObjectHideFlags: 0
  m_CorrespondingSourceObject: {fileID: 0}
  m_PrefabInstance: {fileID: 0}
  m_PrefabAsset: {fileID: 0}
  serializedVersion: 6
  m_Component:
  - component: {fileID: 1537735418}
  - component: {fileID: 1537735420}
  - component: {fileID: 1537735419}
  m_Layer: 0
  m_Name: Binoculares
  m_TagString: Untagged
  m_Icon: {fileID: 0}
  m_NavMeshLayer: 0
  m_StaticEditorFlags: 0
  m_IsActive: 1
--- !u!4 &1537735418
Transform:
  m_ObjectHideFlags: 0
  m_CorrespondingSourceObject: {fileID: 0}
  m_PrefabInstance: {fileID: 0}
  m_PrefabAsset: {fileID: 0}
  m_GameObject: {fileID: 1537735417}
  m_LocalRotation: {x: -0, y: -0, z: -0, w: 1}
  m_LocalPosition: {x: 18.52, y: 0.067, z: 46.43}
  m_LocalScale: {x: 1, y: 1, z: 1}
  m_Children: []
  m_Father: {fileID: 6027960892322901578}
  m_RootOrder: 1
  m_LocalEulerAnglesHint: {x: 0, y: 0, z: 0}
--- !u!135 &1537735420
SphereCollider:
  m_ObjectHideFlags: 0
  m_CorrespondingSourceObject: {fileID: 0}
  m_PrefabInstance: {fileID: 0}
  m_PrefabAsset: {fileID: 0}
  m_GameObject: {fileID: 1537735417}
  m_Material: {fileID: 0}
  m_IsTrigger: 1
  m_Enabled: 1
  serializedVersion: 2
  m_Radius: 15.05
  m_Center: {x: 0, y: 0, z: 0}
--- !u!114 &1537735419
MonoBehaviour:
  m_ObjectHideFlags: 0
  m_CorrespondingSourceObject: {fileID: 0}
  m_PrefabInstance: {fileID: 0}
  m_PrefabAsset: {fileID: 0}
  m_GameObject: {fileID: 1537735417}
  m_Enabled: 1
  m_EditorHideFlags: 0
  m_Script: {fileID: 11500000, guid: cae6d5a50a46e7f42ac3de50afd15755, type: 3}
  m_Name: 
  m_EditorClassIdentifier: 
--- !u!1 &1877581713
GameObject:
  m_ObjectHideFlags: 0
  m_CorrespondingSourceObject: {fileID: 0}
  m_PrefabInstance: {fileID: 0}
  m_PrefabAsset: {fileID: 0}
  serializedVersion: 6
  m_Component:
  - component: {fileID: 1877581714}
  - component: {fileID: 1877581716}
  - component: {fileID: 1877581715}
  m_Layer: 0
  m_Name: Rocas
  m_TagString: Untagged
  m_Icon: {fileID: 0}
  m_NavMeshLayer: 0
  m_StaticEditorFlags: 0
  m_IsActive: 1
--- !u!4 &1877581714
Transform:
  m_ObjectHideFlags: 0
  m_CorrespondingSourceObject: {fileID: 0}
  m_PrefabInstance: {fileID: 0}
  m_PrefabAsset: {fileID: 0}
  m_GameObject: {fileID: 1877581713}
  m_LocalRotation: {x: -0, y: -0, z: -0, w: 1}
  m_LocalPosition: {x: 121.2, y: 1.34, z: 44.5}
  m_LocalScale: {x: 1, y: 1, z: 1}
  m_Children: []
  m_Father: {fileID: 6027960892322901578}
  m_RootOrder: 4
  m_LocalEulerAnglesHint: {x: 0, y: 0, z: 0}
--- !u!135 &1877581716
SphereCollider:
  m_ObjectHideFlags: 0
  m_CorrespondingSourceObject: {fileID: 0}
  m_PrefabInstance: {fileID: 0}
  m_PrefabAsset: {fileID: 0}
  m_GameObject: {fileID: 1877581713}
  m_Material: {fileID: 0}
  m_IsTrigger: 1
  m_Enabled: 1
  serializedVersion: 2
  m_Radius: 15.05
  m_Center: {x: 0, y: 0, z: 0}
--- !u!114 &1877581715
MonoBehaviour:
  m_ObjectHideFlags: 0
  m_CorrespondingSourceObject: {fileID: 0}
  m_PrefabInstance: {fileID: 0}
  m_PrefabAsset: {fileID: 0}
  m_GameObject: {fileID: 1877581713}
  m_Enabled: 1
  m_EditorHideFlags: 0
  m_Script: {fileID: 11500000, guid: cae6d5a50a46e7f42ac3de50afd15755, type: 3}
  m_Name: 
  m_EditorClassIdentifier: 
--- !u!1 &1921023377
GameObject:
  m_ObjectHideFlags: 0
  m_CorrespondingSourceObject: {fileID: 0}
  m_PrefabInstance: {fileID: 0}
  m_PrefabAsset: {fileID: 0}
  serializedVersion: 6
  m_Component:
  - component: {fileID: 1921023378}
  - component: {fileID: 1921023380}
  - component: {fileID: 1921023379}
  m_Layer: 0
  m_Name: Auto
  m_TagString: Untagged
  m_Icon: {fileID: 0}
  m_NavMeshLayer: 0
  m_StaticEditorFlags: 0
  m_IsActive: 1
--- !u!4 &1921023378
Transform:
  m_ObjectHideFlags: 0
  m_CorrespondingSourceObject: {fileID: 0}
  m_PrefabInstance: {fileID: 0}
  m_PrefabAsset: {fileID: 0}
  m_GameObject: {fileID: 1921023377}
  m_LocalRotation: {x: -0, y: -0, z: -0, w: 1}
  m_LocalPosition: {x: 14.71, y: 0.118, z: 13.28}
  m_LocalScale: {x: 1, y: 1, z: 1}
  m_Children: []
  m_Father: {fileID: 6027960892322901578}
  m_RootOrder: 0
  m_LocalEulerAnglesHint: {x: 0, y: 0, z: 0}
--- !u!135 &1921023380
SphereCollider:
  m_ObjectHideFlags: 0
  m_CorrespondingSourceObject: {fileID: 0}
  m_PrefabInstance: {fileID: 0}
  m_PrefabAsset: {fileID: 0}
  m_GameObject: {fileID: 1921023377}
  m_Material: {fileID: 0}
  m_IsTrigger: 1
  m_Enabled: 1
  serializedVersion: 2
  m_Radius: 15.05
  m_Center: {x: 0, y: 0, z: 0}
--- !u!114 &1921023379
MonoBehaviour:
  m_ObjectHideFlags: 0
  m_CorrespondingSourceObject: {fileID: 0}
  m_PrefabInstance: {fileID: 0}
  m_PrefabAsset: {fileID: 0}
  m_GameObject: {fileID: 1921023377}
  m_Enabled: 1
  m_EditorHideFlags: 0
  m_Script: {fileID: 11500000, guid: cae6d5a50a46e7f42ac3de50afd15755, type: 3}
  m_Name: 
  m_EditorClassIdentifier: 
--- !u!1 &1964887930
GameObject:
  m_ObjectHideFlags: 0
  m_CorrespondingSourceObject: {fileID: 0}
  m_PrefabInstance: {fileID: 0}
  m_PrefabAsset: {fileID: 0}
  serializedVersion: 6
  m_Component:
  - component: {fileID: 1964887931}
  m_Layer: 0
  m_Name: GameObject (5)
  m_TagString: Untagged
  m_Icon: {fileID: 0}
  m_NavMeshLayer: 0
  m_StaticEditorFlags: 0
  m_IsActive: 1
--- !u!4 &1964887931
Transform:
  m_ObjectHideFlags: 0
  m_CorrespondingSourceObject: {fileID: 0}
  m_PrefabInstance: {fileID: 0}
  m_PrefabAsset: {fileID: 0}
  m_GameObject: {fileID: 1964887930}
  m_LocalRotation: {x: 0, y: 0, z: 0, w: 1}
  m_LocalPosition: {x: 57.7, y: 1, z: 16.2}
  m_LocalScale: {x: 1, y: 1, z: 1}
  m_Children: []
  m_Father: {fileID: 77931311}
  m_RootOrder: 5
  m_LocalEulerAnglesHint: {x: 0, y: 0, z: 0}
--- !u!1 &1138729233156488152
GameObject:
  m_ObjectHideFlags: 0
  m_CorrespondingSourceObject: {fileID: 0}
  m_PrefabInstance: {fileID: 0}
  m_PrefabAsset: {fileID: 0}
  serializedVersion: 6
  m_Component:
  - component: {fileID: 6474624507683805652}
  m_Layer: 0
  m_Name: VoicesZone
  m_TagString: Untagged
  m_Icon: {fileID: 0}
  m_NavMeshLayer: 0
  m_StaticEditorFlags: 0
  m_IsActive: 1
--- !u!4 &6474624507683805652
Transform:
  m_ObjectHideFlags: 0
  m_CorrespondingSourceObject: {fileID: 0}
  m_PrefabInstance: {fileID: 0}
  m_PrefabAsset: {fileID: 0}
  m_GameObject: {fileID: 1138729233156488152}
  m_LocalRotation: {x: 0, y: 0, z: 0, w: 1}
  m_LocalPosition: {x: 0, y: 0, z: 0}
  m_LocalScale: {x: 1, y: 1, z: 1}
  m_Children:
  - {fileID: 55463812}
  - {fileID: 154768636}
  - {fileID: 1004128380}
  - {fileID: 338145975}
  - {fileID: 40656476}
  m_Father: {fileID: 4242933276540633669}
  m_RootOrder: 2
  m_LocalEulerAnglesHint: {x: 0, y: 0, z: 0}
--- !u!1 &1742285800952790389
GameObject:
  m_ObjectHideFlags: 0
  m_CorrespondingSourceObject: {fileID: 0}
  m_PrefabInstance: {fileID: 0}
  m_PrefabAsset: {fileID: 0}
  serializedVersion: 6
  m_Component:
  - component: {fileID: 2561976924977378454}
  - component: {fileID: 2981227927968450875}
  m_Layer: 0
  m_Name: Wind
  m_TagString: Untagged
  m_Icon: {fileID: 0}
  m_NavMeshLayer: 0
  m_StaticEditorFlags: 0
  m_IsActive: 1
--- !u!4 &2561976924977378454
Transform:
  m_ObjectHideFlags: 0
  m_CorrespondingSourceObject: {fileID: 0}
  m_PrefabInstance: {fileID: 0}
  m_PrefabAsset: {fileID: 0}
  m_GameObject: {fileID: 1742285800952790389}
  m_LocalRotation: {x: 0, y: 0, z: 0, w: 1}
  m_LocalPosition: {x: 0, y: 0, z: 0}
  m_LocalScale: {x: 1, y: 1, z: 1}
  m_Children: []
  m_Father: {fileID: 4861576667050713249}
  m_RootOrder: 0
  m_LocalEulerAnglesHint: {x: 0, y: 0, z: 0}
--- !u!82 &2981227927968450875
AudioSource:
  m_ObjectHideFlags: 0
  m_CorrespondingSourceObject: {fileID: 0}
  m_PrefabInstance: {fileID: 0}
  m_PrefabAsset: {fileID: 0}
  m_GameObject: {fileID: 1742285800952790389}
  m_Enabled: 1
  serializedVersion: 4
  OutputAudioMixerGroup: {fileID: 0}
  m_audioClip: {fileID: 8300000, guid: 42588654f5b770646868e7492eaaa3aa, type: 3}
  m_PlayOnAwake: 1
  m_Volume: 0
  m_Pitch: 1
  Loop: 1
  Mute: 0
  Spatialize: 0
  SpatializePostEffects: 0
  Priority: 128
  DopplerLevel: 1
  MinDistance: 1
  MaxDistance: 500
  Pan2D: 0
  rolloffMode: 0
  BypassEffects: 0
  BypassListenerEffects: 0
  BypassReverbZones: 0
  rolloffCustomCurve:
    serializedVersion: 2
    m_Curve:
    - serializedVersion: 3
      time: 0
      value: 1
      inSlope: 0
      outSlope: 0
      tangentMode: 0
      weightedMode: 0
      inWeight: 0.33333334
      outWeight: 0.33333334
    - serializedVersion: 3
      time: 1
      value: 0
      inSlope: 0
      outSlope: 0
      tangentMode: 0
      weightedMode: 0
      inWeight: 0.33333334
      outWeight: 0.33333334
    m_PreInfinity: 2
    m_PostInfinity: 2
    m_RotationOrder: 4
  panLevelCustomCurve:
    serializedVersion: 2
    m_Curve:
    - serializedVersion: 3
      time: 0
      value: 0
      inSlope: 0
      outSlope: 0
      tangentMode: 0
      weightedMode: 0
      inWeight: 0.33333334
      outWeight: 0.33333334
    m_PreInfinity: 2
    m_PostInfinity: 2
    m_RotationOrder: 4
  spreadCustomCurve:
    serializedVersion: 2
    m_Curve:
    - serializedVersion: 3
      time: 0
      value: 0
      inSlope: 0
      outSlope: 0
      tangentMode: 0
      weightedMode: 0
      inWeight: 0.33333334
      outWeight: 0.33333334
    m_PreInfinity: 2
    m_PostInfinity: 2
    m_RotationOrder: 4
  reverbZoneMixCustomCurve:
    serializedVersion: 2
    m_Curve:
    - serializedVersion: 3
      time: 0
      value: 1
      inSlope: 0
      outSlope: 0
      tangentMode: 0
      weightedMode: 0
      inWeight: 0.33333334
      outWeight: 0.33333334
    m_PreInfinity: 2
    m_PostInfinity: 2
    m_RotationOrder: 4
--- !u!1 &2018989427094434724
GameObject:
  m_ObjectHideFlags: 0
  m_CorrespondingSourceObject: {fileID: 0}
  m_PrefabInstance: {fileID: 0}
  m_PrefabAsset: {fileID: 0}
  serializedVersion: 6
  m_Component:
  - component: {fileID: 4533260576092959707}
  - component: {fileID: 2411939896340007363}
  m_Layer: 0
  m_Name: Binoculares
  m_TagString: Untagged
  m_Icon: {fileID: 0}
  m_NavMeshLayer: 0
  m_StaticEditorFlags: 0
  m_IsActive: 1
--- !u!4 &4533260576092959707
Transform:
  m_ObjectHideFlags: 0
  m_CorrespondingSourceObject: {fileID: 0}
  m_PrefabInstance: {fileID: 0}
  m_PrefabAsset: {fileID: 0}
  m_GameObject: {fileID: 2018989427094434724}
  m_LocalRotation: {x: 0, y: 0, z: 0, w: 1}
  m_LocalPosition: {x: 0, y: 0, z: 0}
  m_LocalScale: {x: 1, y: 1, z: 1}
  m_Children: []
  m_Father: {fileID: 7425710286826359125}
  m_RootOrder: 0
  m_LocalEulerAnglesHint: {x: 0, y: 0, z: 0}
--- !u!114 &2411939896340007363
MonoBehaviour:
  m_ObjectHideFlags: 0
  m_CorrespondingSourceObject: {fileID: 0}
  m_PrefabInstance: {fileID: 0}
  m_PrefabAsset: {fileID: 0}
  m_GameObject: {fileID: 2018989427094434724}
  m_Enabled: 1
  m_EditorHideFlags: 0
  m_Script: {fileID: 11500000, guid: 05521df2f2714b140940b943ed983c16, type: 3}
  m_Name: 
  m_EditorClassIdentifier: 
  Subtitles:
  - subtitle: Oh, the daddy's binoculars.
    time: 0
  - subtitle: I remember using it to spy that woodpecker\that woke us up every morning.
    time: 2.911
  VoiceClip: {fileID: 8300000, guid: 15adb5d0d0c13734093c138814e2f51b, type: 3}
  destroyGameObject: 0
--- !u!1 &3051010447617022999
GameObject:
  m_ObjectHideFlags: 0
  m_CorrespondingSourceObject: {fileID: 0}
  m_PrefabInstance: {fileID: 0}
  m_PrefabAsset: {fileID: 0}
  serializedVersion: 6
  m_Component:
  - component: {fileID: 1001021657473498774}
  - component: {fileID: 4793924470844611531}
  m_Layer: 0
  m_Name: Roca
  m_TagString: Untagged
  m_Icon: {fileID: 0}
  m_NavMeshLayer: 0
  m_StaticEditorFlags: 0
  m_IsActive: 1
--- !u!4 &1001021657473498774
Transform:
  m_ObjectHideFlags: 0
  m_CorrespondingSourceObject: {fileID: 0}
  m_PrefabInstance: {fileID: 0}
  m_PrefabAsset: {fileID: 0}
  m_GameObject: {fileID: 3051010447617022999}
  m_LocalRotation: {x: 0, y: 0, z: 0, w: 1}
  m_LocalPosition: {x: 0, y: 0, z: 0}
  m_LocalScale: {x: 1, y: 1, z: 1}
  m_Children: []
  m_Father: {fileID: 7425710286826359125}
  m_RootOrder: 2
  m_LocalEulerAnglesHint: {x: 0, y: 0, z: 0}
--- !u!114 &4793924470844611531
MonoBehaviour:
  m_ObjectHideFlags: 0
  m_CorrespondingSourceObject: {fileID: 0}
  m_PrefabInstance: {fileID: 0}
  m_PrefabAsset: {fileID: 0}
  m_GameObject: {fileID: 3051010447617022999}
  m_Enabled: 1
  m_EditorHideFlags: 0
  m_Script: {fileID: 11500000, guid: 05521df2f2714b140940b943ed983c16, type: 3}
  m_Name: 
  m_EditorClassIdentifier: 
  Subtitles:
  - subtitle: We made this pile of rocks with my mother,\to thank the spirit of the
      earth.
    time: 0
  VoiceClip: {fileID: 8300000, guid: 137121375519f6b4abb542f003cbd4f8, type: 3}
  destroyGameObject: 0
--- !u!1 &3242596385303734429
GameObject:
  m_ObjectHideFlags: 0
  m_CorrespondingSourceObject: {fileID: 0}
  m_PrefabInstance: {fileID: 0}
  m_PrefabAsset: {fileID: 0}
  serializedVersion: 6
  m_Component:
  - component: {fileID: 1345766378896201062}
  - component: {fileID: 1822108578228045805}
  m_Layer: 0
  m_Name: Munieca
  m_TagString: Untagged
  m_Icon: {fileID: 0}
  m_NavMeshLayer: 0
  m_StaticEditorFlags: 0
  m_IsActive: 1
--- !u!4 &1345766378896201062
Transform:
  m_ObjectHideFlags: 0
  m_CorrespondingSourceObject: {fileID: 0}
  m_PrefabInstance: {fileID: 0}
  m_PrefabAsset: {fileID: 0}
  m_GameObject: {fileID: 3242596385303734429}
  m_LocalRotation: {x: 0, y: 0, z: 0, w: 1}
  m_LocalPosition: {x: 0, y: 0, z: 0}
  m_LocalScale: {x: 1, y: 1, z: 1}
  m_Children: []
  m_Father: {fileID: 7425710286826359125}
  m_RootOrder: 1
  m_LocalEulerAnglesHint: {x: 0, y: 0, z: 0}
--- !u!114 &1822108578228045805
MonoBehaviour:
  m_ObjectHideFlags: 0
  m_CorrespondingSourceObject: {fileID: 0}
  m_PrefabInstance: {fileID: 0}
  m_PrefabAsset: {fileID: 0}
  m_GameObject: {fileID: 3242596385303734429}
  m_Enabled: 1
  m_EditorHideFlags: 0
  m_Script: {fileID: 11500000, guid: 05521df2f2714b140940b943ed983c16, type: 3}
  m_Name: 
  m_EditorClassIdentifier: 
  Subtitles:
  - subtitle: You followed me everywhere
    time: 0
  - subtitle: my mother scolded me because\she always had to repair you..
    time: 2.295
  VoiceClip: {fileID: 8300000, guid: 99ef8cae3f1fa1242a3077069872abf7, type: 3}
  destroyGameObject: 0
--- !u!1 &3597723811355803674
GameObject:
  m_ObjectHideFlags: 0
  m_CorrespondingSourceObject: {fileID: 0}
  m_PrefabInstance: {fileID: 0}
  m_PrefabAsset: {fileID: 0}
  serializedVersion: 6
  m_Component:
  - component: {fileID: 1029061327653772257}
  - component: {fileID: 1919050064274326915}
  m_Layer: 0
  m_Name: Relicario
  m_TagString: Untagged
  m_Icon: {fileID: 0}
  m_NavMeshLayer: 0
  m_StaticEditorFlags: 0
  m_IsActive: 1
--- !u!4 &1029061327653772257
Transform:
  m_ObjectHideFlags: 0
  m_CorrespondingSourceObject: {fileID: 0}
  m_PrefabInstance: {fileID: 0}
  m_PrefabAsset: {fileID: 0}
  m_GameObject: {fileID: 3597723811355803674}
  m_LocalRotation: {x: 0, y: 0, z: 0, w: 1}
  m_LocalPosition: {x: 0, y: 0, z: 0}
  m_LocalScale: {x: 1, y: 1, z: 1}
  m_Children: []
  m_Father: {fileID: 7425710286826359125}
  m_RootOrder: 3
  m_LocalEulerAnglesHint: {x: 0, y: 0, z: 0}
--- !u!114 &1919050064274326915
MonoBehaviour:
  m_ObjectHideFlags: 0
  m_CorrespondingSourceObject: {fileID: 0}
  m_PrefabInstance: {fileID: 0}
  m_PrefabAsset: {fileID: 0}
  m_GameObject: {fileID: 3597723811355803674}
  m_Enabled: 1
  m_EditorHideFlags: 0
  m_Script: {fileID: 11500000, guid: 05521df2f2714b140940b943ed983c16, type: 3}
  m_Name: 
  m_EditorClassIdentifier: 
  Subtitles:
  - subtitle: No...I can't believe it
    time: 0
  - subtitle: it is here, and (sob)
    time: 2.044
  - subtitle: I can see you again.
    time: 4.73
  VoiceClip: {fileID: 8300000, guid: ac36b18804c13b248a1e29452adbfdf2, type: 3}
  destroyGameObject: 0
--- !u!1 &3765264863497415157
GameObject:
  m_ObjectHideFlags: 0
  m_CorrespondingSourceObject: {fileID: 0}
  m_PrefabInstance: {fileID: 0}
  m_PrefabAsset: {fileID: 0}
  serializedVersion: 6
  m_Component:
  - component: {fileID: 6027960892322901578}
  - component: {fileID: 5091149406355193932}
  m_Layer: 0
  m_Name: InvulnerableZones
  m_TagString: Untagged
  m_Icon: {fileID: 0}
  m_NavMeshLayer: 0
  m_StaticEditorFlags: 0
  m_IsActive: 1
--- !u!4 &6027960892322901578
Transform:
  m_ObjectHideFlags: 0
  m_CorrespondingSourceObject: {fileID: 0}
  m_PrefabInstance: {fileID: 0}
  m_PrefabAsset: {fileID: 0}
  m_GameObject: {fileID: 3765264863497415157}
  m_LocalRotation: {x: 0, y: 0, z: 0, w: 1}
  m_LocalPosition: {x: 0, y: 0, z: 0}
  m_LocalScale: {x: 1, y: 1, z: 1}
  m_Children:
  - {fileID: 1921023378}
  - {fileID: 1537735418}
  - {fileID: 981426125}
  - {fileID: 1002610322}
  - {fileID: 1877581714}
  m_Father: {fileID: 4242933276540633669}
  m_RootOrder: 5
  m_LocalEulerAnglesHint: {x: 0, y: 0, z: 0}
--- !u!114 &5091149406355193932
MonoBehaviour:
  m_ObjectHideFlags: 0
  m_CorrespondingSourceObject: {fileID: 0}
  m_PrefabInstance: {fileID: 0}
  m_PrefabAsset: {fileID: 0}
  m_GameObject: {fileID: 3765264863497415157}
  m_Enabled: 1
  m_EditorHideFlags: 0
  m_Script: {fileID: 11500000, guid: b3ff644a0581f744ba09a053a2484efe, type: 3}
  m_Name: 
  m_EditorClassIdentifier: 
  Triggers:
  - {fileID: 1035679674766491642}
  - {fileID: 1537735419}
  - {fileID: 1002610323}
  - {fileID: 1921023379}
  - {fileID: 981426126}
  - {fileID: 1877581715}
--- !u!1 &4066378528207564586
GameObject:
  m_ObjectHideFlags: 0
  m_CorrespondingSourceObject: {fileID: 0}
  m_PrefabInstance: {fileID: 0}
  m_PrefabAsset: {fileID: 0}
  serializedVersion: 6
  m_Component:
  - component: {fileID: 2260161726623971725}
  - component: {fileID: 6851264766759460598}
  - component: {fileID: 1035679674766491642}
  m_Layer: 0
  m_Name: RelicarioZone
  m_TagString: Untagged
  m_Icon: {fileID: 0}
  m_NavMeshLayer: 0
  m_StaticEditorFlags: 0
  m_IsActive: 1
--- !u!4 &2260161726623971725
Transform:
  m_ObjectHideFlags: 0
  m_CorrespondingSourceObject: {fileID: 0}
  m_PrefabInstance: {fileID: 0}
  m_PrefabAsset: {fileID: 0}
  m_GameObject: {fileID: 4066378528207564586}
  m_LocalRotation: {x: -0, y: -0, z: -0, w: 1}
  m_LocalPosition: {x: 89.638, y: 0.186, z: 37.199}
  m_LocalScale: {x: 1, y: 1, z: 1}
  m_Children: []
  m_Father: {fileID: 579423340}
  m_RootOrder: 2
  m_LocalEulerAnglesHint: {x: 0, y: 0, z: 0}
--- !u!135 &6851264766759460598
SphereCollider:
  m_ObjectHideFlags: 0
  m_CorrespondingSourceObject: {fileID: 0}
  m_PrefabInstance: {fileID: 0}
  m_PrefabAsset: {fileID: 0}
  m_GameObject: {fileID: 4066378528207564586}
  m_Material: {fileID: 0}
  m_IsTrigger: 1
  m_Enabled: 1
  serializedVersion: 2
  m_Radius: 12
  m_Center: {x: 0, y: 0, z: 0}
--- !u!114 &1035679674766491642
MonoBehaviour:
  m_ObjectHideFlags: 0
  m_CorrespondingSourceObject: {fileID: 0}
  m_PrefabInstance: {fileID: 0}
  m_PrefabAsset: {fileID: 0}
  m_GameObject: {fileID: 4066378528207564586}
  m_Enabled: 1
  m_EditorHideFlags: 0
  m_Script: {fileID: 11500000, guid: cae6d5a50a46e7f42ac3de50afd15755, type: 3}
  m_Name: 
  m_EditorClassIdentifier: 
--- !u!1 &4242933276540633668
GameObject:
  m_ObjectHideFlags: 0
  m_CorrespondingSourceObject: {fileID: 0}
  m_PrefabInstance: {fileID: 0}
  m_PrefabAsset: {fileID: 0}
  serializedVersion: 6
  m_Component:
  - component: {fileID: 4242933276540633669}
  - component: {fileID: 2054435883867180971}
  m_Layer: 0
  m_Name: GameManager
  m_TagString: Untagged
  m_Icon: {fileID: 0}
  m_NavMeshLayer: 0
  m_StaticEditorFlags: 0
  m_IsActive: 1
--- !u!4 &4242933276540633669
Transform:
  m_ObjectHideFlags: 0
  m_CorrespondingSourceObject: {fileID: 0}
  m_PrefabInstance: {fileID: 0}
  m_PrefabAsset: {fileID: 0}
  m_GameObject: {fileID: 4242933276540633668}
  m_LocalRotation: {x: 0, y: 0, z: 0, w: 1}
  m_LocalPosition: {x: 0, y: 0, z: 0}
  m_LocalScale: {x: 1, y: 1, z: 1}
  m_Children:
  - {fileID: 5091149405624915031}
  - {fileID: 7425710286826359125}
  - {fileID: 6474624507683805652}
  - {fileID: 579423340}
  - {fileID: 77931311}
  - {fileID: 6027960892322901578}
  - {fileID: 4861576667050713249}
  m_Father: {fileID: 0}
  m_RootOrder: 0
  m_LocalEulerAnglesHint: {x: 0, y: 0, z: 0}
--- !u!114 &2054435883867180971
MonoBehaviour:
  m_ObjectHideFlags: 0
  m_CorrespondingSourceObject: {fileID: 0}
  m_PrefabInstance: {fileID: 0}
  m_PrefabAsset: {fileID: 0}
  m_GameObject: {fileID: 4242933276540633668}
  m_Enabled: 1
  m_EditorHideFlags: 0
  m_Script: {fileID: 11500000, guid: f034e9cc9f3da8b46a73fe289e9c9ea8, type: 3}
  m_Name: 
  m_EditorClassIdentifier: 
  ObjCount: 0
  MaxObjCount: 6
  InteractivePosition: {fileID: 5091149406919305967}
  OverlayCamera: {fileID: 5091149405624915028}
  Enemy: {fileID: 0}
  Character: {fileID: 0}
  Probability: 0
  LastObject: {fileID: 579423339}
  LastVoice: {fileID: 2975437201299431384}
  Chastquido: {fileID: 8300000, guid: 1495dfc936852fb4eb608388dc90b588, type: 3}
  RandomPlaces: {fileID: 393773663188809559}
  enemyEnabled: 0
--- !u!65 &151093791
BoxCollider:
  m_ObjectHideFlags: 0
  m_CorrespondingSourceObject: {fileID: 0}
  m_PrefabInstance: {fileID: 0}
  m_PrefabAsset: {fileID: 0}
  m_GameObject: {fileID: 5360986394421542664}
  m_Material: {fileID: 0}
  m_IsTrigger: 1
  m_Enabled: 1
  serializedVersion: 2
  m_Size: {x: 7.7963486, y: 9.585524, z: 6.537215}
  m_Center: {x: -0.051279157, y: 0.15473984, z: -0.11804424}
--- !u!114 &151093790
MonoBehaviour:
  m_ObjectHideFlags: 0
  m_CorrespondingSourceObject: {fileID: 0}
  m_PrefabInstance: {fileID: 0}
  m_PrefabAsset: {fileID: 0}
  m_GameObject: {fileID: 5360986394421542664}
  m_Enabled: 1
  m_EditorHideFlags: 0
  m_Script: {fileID: 11500000, guid: 82713169bec65bc438b4545f7de395ca, type: 3}
  m_Name: 
  m_EditorClassIdentifier: 
  Voice: {fileID: 1919050064274326915}
  Prefab: {fileID: 3080741651762281297, guid: 416acc612889e63469d0df8af5b41174, type: 3}
--- !u!1 &5403962427112395811
GameObject:
  m_ObjectHideFlags: 0
  m_CorrespondingSourceObject: {fileID: 0}
  m_PrefabInstance: {fileID: 0}
  m_PrefabAsset: {fileID: 0}
  serializedVersion: 6
  m_Component:
  - component: {fileID: 6763623281599901325}
  - component: {fileID: 2975437201299431384}
  m_Layer: 0
  m_Name: LastVoice
  m_TagString: Untagged
  m_Icon: {fileID: 0}
  m_NavMeshLayer: 0
  m_StaticEditorFlags: 0
  m_IsActive: 1
--- !u!4 &6763623281599901325
Transform:
  m_ObjectHideFlags: 0
  m_CorrespondingSourceObject: {fileID: 0}
  m_PrefabInstance: {fileID: 0}
  m_PrefabAsset: {fileID: 0}
  m_GameObject: {fileID: 5403962427112395811}
  m_LocalRotation: {x: 0, y: 0, z: 0, w: 1}
  m_LocalPosition: {x: 0, y: 0, z: 0}
  m_LocalScale: {x: 1, y: 1, z: 1}
  m_Children: []
  m_Father: {fileID: 7425710286826359125}
  m_RootOrder: 6
  m_LocalEulerAnglesHint: {x: 0, y: 0, z: 0}
--- !u!114 &2975437201299431384
MonoBehaviour:
  m_ObjectHideFlags: 0
  m_CorrespondingSourceObject: {fileID: 0}
  m_PrefabInstance: {fileID: 0}
  m_PrefabAsset: {fileID: 0}
  m_GameObject: {fileID: 5403962427112395811}
  m_Enabled: 1
  m_EditorHideFlags: 0
  m_Script: {fileID: 11500000, guid: 05521df2f2714b140940b943ed983c16, type: 3}
  m_Name: 
  m_EditorClassIdentifier: 
  Subtitles:
  - subtitle: '- Well, Return in three\- no, no ,wait,'
    time: 0
  - subtitle: '- two\- no, please, no'
    time: 4.293
  - subtitle: one...
    time: 6.397
  VoiceClip: {fileID: 8300000, guid: 10527ce6a4c9fab439c9f3f26ae1b7e4, type: 3}
  destroyGameObject: 1
--- !u!1 &5724975116153194892
GameObject:
  m_ObjectHideFlags: 0
  m_CorrespondingSourceObject: {fileID: 0}
  m_PrefabInstance: {fileID: 0}
  m_PrefabAsset: {fileID: 0}
  serializedVersion: 6
  m_Component:
  - component: {fileID: 7425710286826359125}
  m_Layer: 0
  m_Name: VoicesObjects
  m_TagString: Untagged
  m_Icon: {fileID: 0}
  m_NavMeshLayer: 0
  m_StaticEditorFlags: 0
  m_IsActive: 1
--- !u!4 &7425710286826359125
Transform:
  m_ObjectHideFlags: 0
  m_CorrespondingSourceObject: {fileID: 0}
  m_PrefabInstance: {fileID: 0}
  m_PrefabAsset: {fileID: 0}
  m_GameObject: {fileID: 5724975116153194892}
  m_LocalRotation: {x: 0, y: 0, z: 0, w: 1}
  m_LocalPosition: {x: 0, y: 0, z: 0}
  m_LocalScale: {x: 1, y: 1, z: 1}
  m_Children:
  - {fileID: 4533260576092959707}
  - {fileID: 1345766378896201062}
  - {fileID: 1001021657473498774}
  - {fileID: 1029061327653772257}
  - {fileID: 1401713361038471857}
  - {fileID: 6074579522613193265}
  - {fileID: 6763623281599901325}
  m_Father: {fileID: 4242933276540633669}
  m_RootOrder: 1
  m_LocalEulerAnglesHint: {x: 0, y: 0, z: 0}
--- !u!1 &6238625696212227167
GameObject:
  m_ObjectHideFlags: 0
  m_CorrespondingSourceObject: {fileID: 0}
  m_PrefabInstance: {fileID: 0}
  m_PrefabAsset: {fileID: 0}
  serializedVersion: 6
  m_Component:
  - component: {fileID: 6074579522613193265}
  - component: {fileID: 6607482965645844986}
  m_Layer: 0
  m_Name: Dibujos
  m_TagString: Untagged
  m_Icon: {fileID: 0}
  m_NavMeshLayer: 0
  m_StaticEditorFlags: 0
  m_IsActive: 1
--- !u!4 &6074579522613193265
Transform:
  m_ObjectHideFlags: 0
  m_CorrespondingSourceObject: {fileID: 0}
  m_PrefabInstance: {fileID: 0}
  m_PrefabAsset: {fileID: 0}
  m_GameObject: {fileID: 6238625696212227167}
  m_LocalRotation: {x: 0, y: 0, z: 0, w: 1}
  m_LocalPosition: {x: 0, y: 0, z: 0}
  m_LocalScale: {x: 1, y: 1, z: 1}
  m_Children: []
  m_Father: {fileID: 7425710286826359125}
  m_RootOrder: 5
  m_LocalEulerAnglesHint: {x: 0, y: 0, z: 0}
--- !u!114 &6607482965645844986
MonoBehaviour:
  m_ObjectHideFlags: 0
  m_CorrespondingSourceObject: {fileID: 0}
  m_PrefabInstance: {fileID: 0}
  m_PrefabAsset: {fileID: 0}
  m_GameObject: {fileID: 6238625696212227167}
  m_Enabled: 1
  m_EditorHideFlags: 0
  m_Script: {fileID: 11500000, guid: 05521df2f2714b140940b943ed983c16, type: 3}
  m_Name: 
  m_EditorClassIdentifier: 
  Subtitles:
  - subtitle: Here I expressed my artistic side,\my father was incredible.
    time: 0
  VoiceClip: {fileID: 8300000, guid: a2c5766844c57ee4c95786c6cdaacba1, type: 3}
  destroyGameObject: 0
--- !u!1 &7515510329968630127
GameObject:
  m_ObjectHideFlags: 0
  m_CorrespondingSourceObject: {fileID: 0}
  m_PrefabInstance: {fileID: 0}
  m_PrefabAsset: {fileID: 0}
  serializedVersion: 6
  m_Component:
  - component: {fileID: 293556086485452553}
  - component: {fileID: 1981464149812618564}
  m_Layer: 0
  m_Name: Wind (1)
  m_TagString: Untagged
  m_Icon: {fileID: 0}
  m_NavMeshLayer: 0
  m_StaticEditorFlags: 0
  m_IsActive: 1
--- !u!4 &293556086485452553
Transform:
  m_ObjectHideFlags: 0
  m_CorrespondingSourceObject: {fileID: 0}
  m_PrefabInstance: {fileID: 0}
  m_PrefabAsset: {fileID: 0}
  m_GameObject: {fileID: 7515510329968630127}
  m_LocalRotation: {x: 0, y: 0, z: 0, w: 1}
  m_LocalPosition: {x: 0, y: 0, z: 0}
  m_LocalScale: {x: 1, y: 1, z: 1}
  m_Children: []
  m_Father: {fileID: 4861576667050713249}
  m_RootOrder: 1
  m_LocalEulerAnglesHint: {x: 0, y: 0, z: 0}
--- !u!82 &1981464149812618564
AudioSource:
  m_ObjectHideFlags: 0
  m_CorrespondingSourceObject: {fileID: 0}
  m_PrefabInstance: {fileID: 0}
  m_PrefabAsset: {fileID: 0}
  m_GameObject: {fileID: 7515510329968630127}
  m_Enabled: 1
  serializedVersion: 4
  OutputAudioMixerGroup: {fileID: 0}
  m_audioClip: {fileID: 8300000, guid: ad6227e9a47058344b0dcc05762d5a05, type: 3}
  m_PlayOnAwake: 1
  m_Volume: 1
  m_Pitch: 1
  Loop: 1
  Mute: 0
  Spatialize: 0
  SpatializePostEffects: 0
  Priority: 128
  DopplerLevel: 1
  MinDistance: 1
  MaxDistance: 500
  Pan2D: 0
  rolloffMode: 0
  BypassEffects: 0
  BypassListenerEffects: 0
  BypassReverbZones: 0
  rolloffCustomCurve:
    serializedVersion: 2
    m_Curve:
    - serializedVersion: 3
      time: 0
      value: 1
      inSlope: 0
      outSlope: 0
      tangentMode: 0
      weightedMode: 0
      inWeight: 0.33333334
      outWeight: 0.33333334
    - serializedVersion: 3
      time: 1
      value: 0
      inSlope: 0
      outSlope: 0
      tangentMode: 0
      weightedMode: 0
      inWeight: 0.33333334
      outWeight: 0.33333334
    m_PreInfinity: 2
    m_PostInfinity: 2
    m_RotationOrder: 4
  panLevelCustomCurve:
    serializedVersion: 2
    m_Curve:
    - serializedVersion: 3
      time: 0
      value: 0
      inSlope: 0
      outSlope: 0
      tangentMode: 0
      weightedMode: 0
      inWeight: 0.33333334
      outWeight: 0.33333334
    m_PreInfinity: 2
    m_PostInfinity: 2
    m_RotationOrder: 4
  spreadCustomCurve:
    serializedVersion: 2
    m_Curve:
    - serializedVersion: 3
      time: 0
      value: 0
      inSlope: 0
      outSlope: 0
      tangentMode: 0
      weightedMode: 0
      inWeight: 0.33333334
      outWeight: 0.33333334
    m_PreInfinity: 2
    m_PostInfinity: 2
    m_RotationOrder: 4
  reverbZoneMixCustomCurve:
    serializedVersion: 2
    m_Curve:
    - serializedVersion: 3
      time: 0
      value: 1
      inSlope: 0
      outSlope: 0
      tangentMode: 0
      weightedMode: 0
      inWeight: 0.33333334
      outWeight: 0.33333334
    m_PreInfinity: 2
    m_PostInfinity: 2
    m_RotationOrder: 4
--- !u!1 &8377303124516448520
GameObject:
  m_ObjectHideFlags: 0
  m_CorrespondingSourceObject: {fileID: 0}
  m_PrefabInstance: {fileID: 0}
  m_PrefabAsset: {fileID: 0}
  serializedVersion: 6
  m_Component:
  - component: {fileID: 843067156178828872}
  - component: {fileID: 8698475515107351955}
  - component: {fileID: 6154609901322567612}
  m_Layer: 0
  m_Name: Metronomo
  m_TagString: Untagged
  m_Icon: {fileID: 0}
  m_NavMeshLayer: 0
  m_StaticEditorFlags: 0
  m_IsActive: 1
--- !u!4 &843067156178828872
Transform:
  m_ObjectHideFlags: 0
  m_CorrespondingSourceObject: {fileID: 0}
  m_PrefabInstance: {fileID: 0}
  m_PrefabAsset: {fileID: 0}
  m_GameObject: {fileID: 8377303124516448520}
  m_LocalRotation: {x: 0, y: 0, z: 0, w: 1}
  m_LocalPosition: {x: 0, y: 0, z: 0}
  m_LocalScale: {x: 1, y: 1, z: 1}
  m_Children: []
  m_Father: {fileID: 4861576667050713249}
  m_RootOrder: 2
  m_LocalEulerAnglesHint: {x: 0, y: 0, z: 0}
--- !u!82 &8698475515107351955
AudioSource:
  m_ObjectHideFlags: 0
  m_CorrespondingSourceObject: {fileID: 0}
  m_PrefabInstance: {fileID: 0}
  m_PrefabAsset: {fileID: 0}
  m_GameObject: {fileID: 8377303124516448520}
  m_Enabled: 1
  serializedVersion: 4
  OutputAudioMixerGroup: {fileID: 0}
  m_audioClip: {fileID: 8300000, guid: 565a6406c49bf8f41ab86661e93a8c42, type: 3}
  m_PlayOnAwake: 0
  m_Volume: 1
  m_Pitch: 1
  Loop: 0
  Mute: 0
  Spatialize: 0
  SpatializePostEffects: 0
  Priority: 128
  DopplerLevel: 1
  MinDistance: 1
  MaxDistance: 500
  Pan2D: 0
  rolloffMode: 0
  BypassEffects: 0
  BypassListenerEffects: 0
  BypassReverbZones: 0
  rolloffCustomCurve:
    serializedVersion: 2
    m_Curve:
    - serializedVersion: 3
      time: 0
      value: 1
      inSlope: 0
      outSlope: 0
      tangentMode: 0
      weightedMode: 0
      inWeight: 0.33333334
      outWeight: 0.33333334
    - serializedVersion: 3
      time: 1
      value: 0
      inSlope: 0
      outSlope: 0
      tangentMode: 0
      weightedMode: 0
      inWeight: 0.33333334
      outWeight: 0.33333334
    m_PreInfinity: 2
    m_PostInfinity: 2
    m_RotationOrder: 4
  panLevelCustomCurve:
    serializedVersion: 2
    m_Curve:
    - serializedVersion: 3
      time: 0
      value: 0
      inSlope: 0
      outSlope: 0
      tangentMode: 0
      weightedMode: 0
      inWeight: 0.33333334
      outWeight: 0.33333334
    m_PreInfinity: 2
    m_PostInfinity: 2
    m_RotationOrder: 4
  spreadCustomCurve:
    serializedVersion: 2
    m_Curve:
    - serializedVersion: 3
      time: 0
      value: 0
      inSlope: 0
      outSlope: 0
      tangentMode: 0
      weightedMode: 0
      inWeight: 0.33333334
      outWeight: 0.33333334
    m_PreInfinity: 2
    m_PostInfinity: 2
    m_RotationOrder: 4
  reverbZoneMixCustomCurve:
    serializedVersion: 2
    m_Curve:
    - serializedVersion: 3
      time: 0
      value: 1
      inSlope: 0
      outSlope: 0
      tangentMode: 0
      weightedMode: 0
      inWeight: 0.33333334
      outWeight: 0.33333334
    m_PreInfinity: 2
    m_PostInfinity: 2
    m_RotationOrder: 4
--- !u!114 &6154609901322567612
MonoBehaviour:
  m_ObjectHideFlags: 0
  m_CorrespondingSourceObject: {fileID: 0}
  m_PrefabInstance: {fileID: 0}
  m_PrefabAsset: {fileID: 0}
  m_GameObject: {fileID: 8377303124516448520}
  m_Enabled: 1
  m_EditorHideFlags: 0
  m_Script: {fileID: 11500000, guid: 99eacb3e2c444da4ea693e57d88cdb3b, type: 3}
  m_Name: 
  m_EditorClassIdentifier: 
  AudioSource: {fileID: 0}
--- !u!1 &8916131828711321894
GameObject:
  m_ObjectHideFlags: 0
  m_CorrespondingSourceObject: {fileID: 0}
  m_PrefabInstance: {fileID: 0}
  m_PrefabAsset: {fileID: 0}
  serializedVersion: 6
  m_Component:
  - component: {fileID: 4861576667050713249}
  m_Layer: 0
  m_Name: Enviroment Sounds
  m_TagString: Untagged
  m_Icon: {fileID: 0}
  m_NavMeshLayer: 0
  m_StaticEditorFlags: 0
  m_IsActive: 1
--- !u!4 &4861576667050713249
Transform:
  m_ObjectHideFlags: 0
  m_CorrespondingSourceObject: {fileID: 0}
  m_PrefabInstance: {fileID: 0}
  m_PrefabAsset: {fileID: 0}
  m_GameObject: {fileID: 8916131828711321894}
  m_LocalRotation: {x: 0, y: 0, z: 0, w: 1}
  m_LocalPosition: {x: 0, y: 0, z: 0}
  m_LocalScale: {x: 1, y: 1, z: 1}
  m_Children:
  - {fileID: 2561976924977378454}
  - {fileID: 293556086485452553}
  - {fileID: 843067156178828872}
  m_Father: {fileID: 4242933276540633669}
  m_RootOrder: 6
  m_LocalEulerAnglesHint: {x: 0, y: 0, z: 0}
--- !u!1 &9014008907098355161
GameObject:
  m_ObjectHideFlags: 0
  m_CorrespondingSourceObject: {fileID: 0}
  m_PrefabInstance: {fileID: 0}
  m_PrefabAsset: {fileID: 0}
  serializedVersion: 6
  m_Component:
  - component: {fileID: 1401713361038471857}
  - component: {fileID: 3257205740175274014}
  m_Layer: 0
  m_Name: Car
  m_TagString: Untagged
  m_Icon: {fileID: 0}
  m_NavMeshLayer: 0
  m_StaticEditorFlags: 0
  m_IsActive: 1
--- !u!4 &1401713361038471857
Transform:
  m_ObjectHideFlags: 0
  m_CorrespondingSourceObject: {fileID: 0}
  m_PrefabInstance: {fileID: 0}
  m_PrefabAsset: {fileID: 0}
  m_GameObject: {fileID: 9014008907098355161}
  m_LocalRotation: {x: 0, y: 0, z: 0, w: 1}
  m_LocalPosition: {x: 0, y: 0, z: 0}
  m_LocalScale: {x: 1, y: 1, z: 1}
  m_Children: []
  m_Father: {fileID: 7425710286826359125}
  m_RootOrder: 4
  m_LocalEulerAnglesHint: {x: 0, y: 0, z: 0}
--- !u!114 &3257205740175274014
MonoBehaviour:
  m_ObjectHideFlags: 0
  m_CorrespondingSourceObject: {fileID: 0}
  m_PrefabInstance: {fileID: 0}
  m_PrefabAsset: {fileID: 0}
  m_GameObject: {fileID: 9014008907098355161}
  m_Enabled: 1
  m_EditorHideFlags: 0
  m_Script: {fileID: 11500000, guid: 05521df2f2714b140940b943ed983c16, type: 3}
  m_Name: 
  m_EditorClassIdentifier: 
  Subtitles:
  - subtitle: 'What''s this? '
    time: 0.141
  - subtitle: it has my father's name crossed out
    time: 1.37
  - subtitle: 'and i owned it (laugh) '
    time: 3.487
  - subtitle: I wish I could remember his face
    time: 5.309
  - subtitle: if I find more things like this, maybe I can do it.
    time: 7.895
  - subtitle: There's something hidden here.
    time: 10.586
  VoiceClip: {fileID: 8300000, guid: 96aae6ffbe179aa409a1a49a3d56f2d6, type: 3}
  destroyGameObject: 0
--- !u!1001 &5091149406237852249
PrefabInstance:
  m_ObjectHideFlags: 0
  serializedVersion: 2
  m_Modification:
    m_TransformParent: {fileID: 579423340}
    m_Modifications:
    - target: {fileID: -8679921383154817045, guid: f44f20a719c7c194ca558b171f2402f9, type: 3}
      propertyPath: m_RootOrder
      value: 0
      objectReference: {fileID: 0}
    - target: {fileID: -8679921383154817045, guid: f44f20a719c7c194ca558b171f2402f9, type: 3}
      propertyPath: m_LocalScale.x
      value: 0.09984
      objectReference: {fileID: 0}
    - target: {fileID: -8679921383154817045, guid: f44f20a719c7c194ca558b171f2402f9, type: 3}
      propertyPath: m_LocalScale.y
      value: 0.09984
      objectReference: {fileID: 0}
    - target: {fileID: -8679921383154817045, guid: f44f20a719c7c194ca558b171f2402f9, type: 3}
      propertyPath: m_LocalScale.z
      value: 0.09984
      objectReference: {fileID: 0}
    - target: {fileID: -8679921383154817045, guid: f44f20a719c7c194ca558b171f2402f9, type: 3}
      propertyPath: m_LocalPosition.x
      value: 89.638
      objectReference: {fileID: 0}
    - target: {fileID: -8679921383154817045, guid: f44f20a719c7c194ca558b171f2402f9, type: 3}
      propertyPath: m_LocalPosition.y
      value: 0.186
      objectReference: {fileID: 0}
    - target: {fileID: -8679921383154817045, guid: f44f20a719c7c194ca558b171f2402f9, type: 3}
      propertyPath: m_LocalPosition.z
      value: 37.199
      objectReference: {fileID: 0}
    - target: {fileID: -8679921383154817045, guid: f44f20a719c7c194ca558b171f2402f9, type: 3}
      propertyPath: m_LocalRotation.w
      value: 1
      objectReference: {fileID: 0}
    - target: {fileID: -8679921383154817045, guid: f44f20a719c7c194ca558b171f2402f9, type: 3}
      propertyPath: m_LocalRotation.x
      value: -0
      objectReference: {fileID: 0}
    - target: {fileID: -8679921383154817045, guid: f44f20a719c7c194ca558b171f2402f9, type: 3}
      propertyPath: m_LocalRotation.y
      value: -0
      objectReference: {fileID: 0}
    - target: {fileID: -8679921383154817045, guid: f44f20a719c7c194ca558b171f2402f9, type: 3}
      propertyPath: m_LocalRotation.z
      value: -0
      objectReference: {fileID: 0}
    - target: {fileID: -8679921383154817045, guid: f44f20a719c7c194ca558b171f2402f9, type: 3}
      propertyPath: m_LocalEulerAnglesHint.x
      value: 0
      objectReference: {fileID: 0}
    - target: {fileID: -8679921383154817045, guid: f44f20a719c7c194ca558b171f2402f9, type: 3}
      propertyPath: m_LocalEulerAnglesHint.y
      value: 0
      objectReference: {fileID: 0}
    - target: {fileID: -8679921383154817045, guid: f44f20a719c7c194ca558b171f2402f9, type: 3}
      propertyPath: m_LocalEulerAnglesHint.z
      value: 0
      objectReference: {fileID: 0}
    - target: {fileID: -8391222552659086748, guid: f44f20a719c7c194ca558b171f2402f9, type: 3}
      propertyPath: m_IsActive
      value: 0
      objectReference: {fileID: 0}
    - target: {fileID: -5568371526223589888, guid: f44f20a719c7c194ca558b171f2402f9, type: 3}
      propertyPath: m_IsActive
      value: 0
      objectReference: {fileID: 0}
    - target: {fileID: -5477749408508380018, guid: f44f20a719c7c194ca558b171f2402f9, type: 3}
      propertyPath: m_LocalPosition.x
      value: -0.57869995
      objectReference: {fileID: 0}
    - target: {fileID: -5477749408508380018, guid: f44f20a719c7c194ca558b171f2402f9, type: 3}
      propertyPath: m_LocalPosition.y
      value: -0.9774128
      objectReference: {fileID: 0}
    - target: {fileID: -5477749408508380018, guid: f44f20a719c7c194ca558b171f2402f9, type: 3}
      propertyPath: m_LocalPosition.z
      value: 0.65538365
      objectReference: {fileID: 0}
    - target: {fileID: -5477749408508380018, guid: f44f20a719c7c194ca558b171f2402f9, type: 3}
      propertyPath: m_LocalRotation.w
      value: 0.024683718
      objectReference: {fileID: 0}
    - target: {fileID: -5477749408508380018, guid: f44f20a719c7c194ca558b171f2402f9, type: 3}
      propertyPath: m_LocalRotation.x
      value: -0.09210995
      objectReference: {fileID: 0}
    - target: {fileID: -5477749408508380018, guid: f44f20a719c7c194ca558b171f2402f9, type: 3}
      propertyPath: m_LocalRotation.y
      value: -0.961524
      objectReference: {fileID: 0}
    - target: {fileID: -5477749408508380018, guid: f44f20a719c7c194ca558b171f2402f9, type: 3}
      propertyPath: m_LocalRotation.z
      value: 0.25763932
      objectReference: {fileID: 0}
    - target: {fileID: -5477749408508380018, guid: f44f20a719c7c194ca558b171f2402f9, type: 3}
      propertyPath: m_LocalEulerAnglesHint.x
      value: 29.4
      objectReference: {fileID: 0}
    - target: {fileID: -5477749408508380018, guid: f44f20a719c7c194ca558b171f2402f9, type: 3}
      propertyPath: m_LocalEulerAnglesHint.y
      value: -173.744
      objectReference: {fileID: 0}
    - target: {fileID: -5477749408508380018, guid: f44f20a719c7c194ca558b171f2402f9, type: 3}
      propertyPath: m_LocalEulerAnglesHint.z
      value: 12.587
      objectReference: {fileID: 0}
    - target: {fileID: -4025470130324596155, guid: f44f20a719c7c194ca558b171f2402f9, type: 3}
      propertyPath: m_LocalPosition.x
      value: -1.1872022
      objectReference: {fileID: 0}
    - target: {fileID: -4025470130324596155, guid: f44f20a719c7c194ca558b171f2402f9, type: 3}
      propertyPath: m_LocalPosition.y
      value: -1.4387803
      objectReference: {fileID: 0}
    - target: {fileID: -4025470130324596155, guid: f44f20a719c7c194ca558b171f2402f9, type: 3}
      propertyPath: m_LocalPosition.z
      value: -0.6693678
      objectReference: {fileID: 0}
    - target: {fileID: -4025470130324596155, guid: f44f20a719c7c194ca558b171f2402f9, type: 3}
      propertyPath: m_LocalRotation.w
      value: -0.5677418
      objectReference: {fileID: 0}
    - target: {fileID: -4025470130324596155, guid: f44f20a719c7c194ca558b171f2402f9, type: 3}
      propertyPath: m_LocalRotation.x
      value: -0.57793313
      objectReference: {fileID: 0}
    - target: {fileID: -4025470130324596155, guid: f44f20a719c7c194ca558b171f2402f9, type: 3}
      propertyPath: m_LocalRotation.y
      value: -0.49305356
      objectReference: {fileID: 0}
    - target: {fileID: -4025470130324596155, guid: f44f20a719c7c194ca558b171f2402f9, type: 3}
      propertyPath: m_LocalRotation.z
      value: 0.3171133
      objectReference: {fileID: 0}
    - target: {fileID: -4025470130324596155, guid: f44f20a719c7c194ca558b171f2402f9, type: 3}
      propertyPath: m_LocalEulerAnglesHint.x
      value: -255.683
      objectReference: {fileID: 0}
    - target: {fileID: -4025470130324596155, guid: f44f20a719c7c194ca558b171f2402f9, type: 3}
      propertyPath: m_LocalEulerAnglesHint.y
      value: -51.419006
      objectReference: {fileID: 0}
    - target: {fileID: -4025470130324596155, guid: f44f20a719c7c194ca558b171f2402f9, type: 3}
      propertyPath: m_LocalEulerAnglesHint.z
      value: -121.951004
      objectReference: {fileID: 0}
    - target: {fileID: -3983353918920824184, guid: f44f20a719c7c194ca558b171f2402f9, type: 3}
      propertyPath: m_LocalScale.z
      value: -2.1035626
      objectReference: {fileID: 0}
    - target: {fileID: -3983353918920824184, guid: f44f20a719c7c194ca558b171f2402f9, type: 3}
      propertyPath: m_LocalPosition.x
      value: -3.0528276
      objectReference: {fileID: 0}
    - target: {fileID: -3983353918920824184, guid: f44f20a719c7c194ca558b171f2402f9, type: 3}
      propertyPath: m_LocalPosition.y
      value: -1.29
      objectReference: {fileID: 0}
    - target: {fileID: -3983353918920824184, guid: f44f20a719c7c194ca558b171f2402f9, type: 3}
      propertyPath: m_LocalPosition.z
      value: -2.5697625
      objectReference: {fileID: 0}
    - target: {fileID: -3983353918920824184, guid: f44f20a719c7c194ca558b171f2402f9, type: 3}
      propertyPath: m_LocalRotation.w
      value: -0.18469998
      objectReference: {fileID: 0}
    - target: {fileID: -3983353918920824184, guid: f44f20a719c7c194ca558b171f2402f9, type: 3}
      propertyPath: m_LocalRotation.x
      value: -0.21626398
      objectReference: {fileID: 0}
    - target: {fileID: -3983353918920824184, guid: f44f20a719c7c194ca558b171f2402f9, type: 3}
      propertyPath: m_LocalRotation.y
      value: -0.687429
      objectReference: {fileID: 0}
    - target: {fileID: -3983353918920824184, guid: f44f20a719c7c194ca558b171f2402f9, type: 3}
      propertyPath: m_LocalRotation.z
      value: 0.66824937
      objectReference: {fileID: 0}
    - target: {fileID: -3983353918920824184, guid: f44f20a719c7c194ca558b171f2402f9, type: 3}
      propertyPath: m_LocalEulerAnglesHint.x
      value: 87.007
      objectReference: {fileID: 0}
    - target: {fileID: -3983353918920824184, guid: f44f20a719c7c194ca558b171f2402f9, type: 3}
      propertyPath: m_LocalEulerAnglesHint.y
      value: -137.761
      objectReference: {fileID: 0}
    - target: {fileID: -3983353918920824184, guid: f44f20a719c7c194ca558b171f2402f9, type: 3}
      propertyPath: m_LocalEulerAnglesHint.z
      value: 75.192
      objectReference: {fileID: 0}
    - target: {fileID: -2577548232221058511, guid: f44f20a719c7c194ca558b171f2402f9, type: 3}
      propertyPath: m_LocalPosition.x
      value: -1.4279133
      objectReference: {fileID: 0}
    - target: {fileID: -2577548232221058511, guid: f44f20a719c7c194ca558b171f2402f9, type: 3}
      propertyPath: m_LocalPosition.y
      value: -1.57786
      objectReference: {fileID: 0}
    - target: {fileID: -2577548232221058511, guid: f44f20a719c7c194ca558b171f2402f9, type: 3}
      propertyPath: m_LocalPosition.z
      value: 0.4751178
      objectReference: {fileID: 0}
    - target: {fileID: -2577548232221058511, guid: f44f20a719c7c194ca558b171f2402f9, type: 3}
      propertyPath: m_LocalRotation.w
      value: 0.72841996
      objectReference: {fileID: 0}
    - target: {fileID: -2577548232221058511, guid: f44f20a719c7c194ca558b171f2402f9, type: 3}
      propertyPath: m_LocalRotation.x
      value: -0.12988089
      objectReference: {fileID: 0}
    - target: {fileID: -2577548232221058511, guid: f44f20a719c7c194ca558b171f2402f9, type: 3}
      propertyPath: m_LocalRotation.y
      value: -0.63436955
      objectReference: {fileID: 0}
    - target: {fileID: -2577548232221058511, guid: f44f20a719c7c194ca558b171f2402f9, type: 3}
      propertyPath: m_LocalRotation.z
      value: 0.22385405
      objectReference: {fileID: 0}
    - target: {fileID: -2577548232221058511, guid: f44f20a719c7c194ca558b171f2402f9, type: 3}
      propertyPath: m_LocalEulerAnglesHint.x
      value: 5.44
      objectReference: {fileID: 0}
    - target: {fileID: -2577548232221058511, guid: f44f20a719c7c194ca558b171f2402f9, type: 3}
      propertyPath: m_LocalEulerAnglesHint.y
      value: -80.669
      objectReference: {fileID: 0}
    - target: {fileID: -2577548232221058511, guid: f44f20a719c7c194ca558b171f2402f9, type: 3}
      propertyPath: m_LocalEulerAnglesHint.z
      value: 29.546
      objectReference: {fileID: 0}
    - target: {fileID: -1253996098385199550, guid: f44f20a719c7c194ca558b171f2402f9, type: 3}
      propertyPath: m_LocalPosition.x
      value: -3.5399046
      objectReference: {fileID: 0}
    - target: {fileID: -1253996098385199550, guid: f44f20a719c7c194ca558b171f2402f9, type: 3}
      propertyPath: m_LocalPosition.y
      value: 1.5445085
      objectReference: {fileID: 0}
    - target: {fileID: -1253996098385199550, guid: f44f20a719c7c194ca558b171f2402f9, type: 3}
      propertyPath: m_LocalPosition.z
      value: -0.45135236
      objectReference: {fileID: 0}
    - target: {fileID: -1253996098385199550, guid: f44f20a719c7c194ca558b171f2402f9, type: 3}
      propertyPath: m_LocalRotation.w
      value: 0.09454453
      objectReference: {fileID: 0}
    - target: {fileID: -1253996098385199550, guid: f44f20a719c7c194ca558b171f2402f9, type: 3}
      propertyPath: m_LocalRotation.x
      value: -0.012444124
      objectReference: {fileID: 0}
    - target: {fileID: -1253996098385199550, guid: f44f20a719c7c194ca558b171f2402f9, type: 3}
      propertyPath: m_LocalRotation.y
      value: -0.12993143
      objectReference: {fileID: 0}
    - target: {fileID: -1253996098385199550, guid: f44f20a719c7c194ca558b171f2402f9, type: 3}
      propertyPath: m_LocalRotation.z
      value: 0.98692673
      objectReference: {fileID: 0}
    - target: {fileID: -1253996098385199550, guid: f44f20a719c7c194ca558b171f2402f9, type: 3}
      propertyPath: m_LocalEulerAnglesHint.x
      value: 165.279
      objectReference: {fileID: 0}
    - target: {fileID: -1253996098385199550, guid: f44f20a719c7c194ca558b171f2402f9, type: 3}
      propertyPath: m_LocalEulerAnglesHint.y
      value: -182.912
      objectReference: {fileID: 0}
    - target: {fileID: -1253996098385199550, guid: f44f20a719c7c194ca558b171f2402f9, type: 3}
      propertyPath: m_LocalEulerAnglesHint.z
      value: -11.320007
      objectReference: {fileID: 0}
    - target: {fileID: 919132149155446097, guid: f44f20a719c7c194ca558b171f2402f9, type: 3}
      propertyPath: m_Name
      value: Relicario
      objectReference: {fileID: 0}
    - target: {fileID: 919132149155446097, guid: f44f20a719c7c194ca558b171f2402f9, type: 3}
      propertyPath: m_IsActive
      value: 1
      objectReference: {fileID: 0}
    - target: {fileID: 3328148663079334810, guid: f44f20a719c7c194ca558b171f2402f9, type: 3}
      propertyPath: m_LocalPosition.x
      value: -0.21602863
      objectReference: {fileID: 0}
    - target: {fileID: 3328148663079334810, guid: f44f20a719c7c194ca558b171f2402f9, type: 3}
      propertyPath: m_LocalPosition.y
      value: 0.8048376
      objectReference: {fileID: 0}
    - target: {fileID: 3328148663079334810, guid: f44f20a719c7c194ca558b171f2402f9, type: 3}
      propertyPath: m_LocalPosition.z
      value: -0.39629447
      objectReference: {fileID: 0}
    - target: {fileID: 3328148663079334810, guid: f44f20a719c7c194ca558b171f2402f9, type: 3}
      propertyPath: m_LocalRotation.w
      value: 0.024683718
      objectReference: {fileID: 0}
    - target: {fileID: 3328148663079334810, guid: f44f20a719c7c194ca558b171f2402f9, type: 3}
      propertyPath: m_LocalRotation.x
      value: -0.09210995
      objectReference: {fileID: 0}
    - target: {fileID: 3328148663079334810, guid: f44f20a719c7c194ca558b171f2402f9, type: 3}
      propertyPath: m_LocalRotation.y
      value: -0.961524
      objectReference: {fileID: 0}
    - target: {fileID: 3328148663079334810, guid: f44f20a719c7c194ca558b171f2402f9, type: 3}
      propertyPath: m_LocalRotation.z
      value: 0.25763932
      objectReference: {fileID: 0}
    - target: {fileID: 3328148663079334810, guid: f44f20a719c7c194ca558b171f2402f9, type: 3}
      propertyPath: m_LocalEulerAnglesHint.x
      value: 29.4
      objectReference: {fileID: 0}
    - target: {fileID: 3328148663079334810, guid: f44f20a719c7c194ca558b171f2402f9, type: 3}
      propertyPath: m_LocalEulerAnglesHint.y
      value: -173.744
      objectReference: {fileID: 0}
    - target: {fileID: 3328148663079334810, guid: f44f20a719c7c194ca558b171f2402f9, type: 3}
      propertyPath: m_LocalEulerAnglesHint.z
      value: 12.587
      objectReference: {fileID: 0}
    - target: {fileID: 4083501151425157549, guid: f44f20a719c7c194ca558b171f2402f9, type: 3}
      propertyPath: m_LocalPosition.x
      value: -1.6493675
      objectReference: {fileID: 0}
    - target: {fileID: 4083501151425157549, guid: f44f20a719c7c194ca558b171f2402f9, type: 3}
      propertyPath: m_LocalPosition.y
      value: -1.54
      objectReference: {fileID: 0}
    - target: {fileID: 4083501151425157549, guid: f44f20a719c7c194ca558b171f2402f9, type: 3}
      propertyPath: m_LocalPosition.z
      value: 0.44558293
      objectReference: {fileID: 0}
    - target: {fileID: 4083501151425157549, guid: f44f20a719c7c194ca558b171f2402f9, type: 3}
      propertyPath: m_LocalRotation.w
      value: -0.4668131
      objectReference: {fileID: 0}
    - target: {fileID: 4083501151425157549, guid: f44f20a719c7c194ca558b171f2402f9, type: 3}
      propertyPath: m_LocalRotation.x
      value: 0.37262318
      objectReference: {fileID: 0}
    - target: {fileID: 4083501151425157549, guid: f44f20a719c7c194ca558b171f2402f9, type: 3}
      propertyPath: m_LocalRotation.y
      value: 0.5756233
      objectReference: {fileID: 0}
    - target: {fileID: 4083501151425157549, guid: f44f20a719c7c194ca558b171f2402f9, type: 3}
      propertyPath: m_LocalRotation.z
      value: 0.55847603
      objectReference: {fileID: 0}
    - target: {fileID: 4083501151425157549, guid: f44f20a719c7c194ca558b171f2402f9, type: 3}
      propertyPath: m_LocalEulerAnglesHint.x
      value: 262.237
      objectReference: {fileID: 0}
    - target: {fileID: 4083501151425157549, guid: f44f20a719c7c194ca558b171f2402f9, type: 3}
      propertyPath: m_LocalEulerAnglesHint.y
      value: -243.81
      objectReference: {fileID: 0}
    - target: {fileID: 4083501151425157549, guid: f44f20a719c7c194ca558b171f2402f9, type: 3}
      propertyPath: m_LocalEulerAnglesHint.z
      value: 136.826
      objectReference: {fileID: 0}
    m_RemovedComponents: []
  m_SourcePrefab: {fileID: 100100000, guid: f44f20a719c7c194ca558b171f2402f9, type: 3}
--- !u!1 &5360986394421542664 stripped
GameObject:
  m_CorrespondingSourceObject: {fileID: 919132149155446097, guid: f44f20a719c7c194ca558b171f2402f9, type: 3}
  m_PrefabInstance: {fileID: 5091149406237852249}
  m_PrefabAsset: {fileID: 0}
--- !u!4 &4696651966208730546 stripped
Transform:
  m_CorrespondingSourceObject: {fileID: -8679921383154817045, guid: f44f20a719c7c194ca558b171f2402f9, type: 3}
  m_PrefabInstance: {fileID: 5091149406237852249}
  m_PrefabAsset: {fileID: 0}
--- !u!1001 &5831298706574938551
PrefabInstance:
  m_ObjectHideFlags: 0
  serializedVersion: 2
  m_Modification:
    m_TransformParent: {fileID: 4242933276540633669}
    m_Modifications:
    - target: {fileID: 1606529623270540768, guid: 918f907dbaf986046863ad220ed12903, type: 3}
      propertyPath: m_RootOrder
      value: 0
      objectReference: {fileID: 0}
    - target: {fileID: 1606529623270540768, guid: 918f907dbaf986046863ad220ed12903, type: 3}
      propertyPath: m_LocalPosition.x
      value: -26.84
      objectReference: {fileID: 0}
    - target: {fileID: 1606529623270540768, guid: 918f907dbaf986046863ad220ed12903, type: 3}
      propertyPath: m_LocalPosition.y
      value: 7.59
      objectReference: {fileID: 0}
    - target: {fileID: 1606529623270540768, guid: 918f907dbaf986046863ad220ed12903, type: 3}
      propertyPath: m_LocalPosition.z
      value: 5.539999
      objectReference: {fileID: 0}
    - target: {fileID: 1606529623270540768, guid: 918f907dbaf986046863ad220ed12903, type: 3}
      propertyPath: m_LocalRotation.w
      value: 0.9355692
      objectReference: {fileID: 0}
    - target: {fileID: 1606529623270540768, guid: 918f907dbaf986046863ad220ed12903, type: 3}
      propertyPath: m_LocalRotation.x
      value: 0.35314336
      objectReference: {fileID: 0}
    - target: {fileID: 1606529623270540768, guid: 918f907dbaf986046863ad220ed12903, type: 3}
      propertyPath: m_LocalRotation.y
      value: -0
      objectReference: {fileID: 0}
    - target: {fileID: 1606529623270540768, guid: 918f907dbaf986046863ad220ed12903, type: 3}
      propertyPath: m_LocalRotation.z
      value: -0
      objectReference: {fileID: 0}
    - target: {fileID: 1606529623270540768, guid: 918f907dbaf986046863ad220ed12903, type: 3}
      propertyPath: m_LocalEulerAnglesHint.x
      value: 0
      objectReference: {fileID: 0}
    - target: {fileID: 1606529623270540768, guid: 918f907dbaf986046863ad220ed12903, type: 3}
      propertyPath: m_LocalEulerAnglesHint.y
      value: 0
      objectReference: {fileID: 0}
    - target: {fileID: 1606529623270540768, guid: 918f907dbaf986046863ad220ed12903, type: 3}
      propertyPath: m_LocalEulerAnglesHint.z
      value: 0
      objectReference: {fileID: 0}
    - target: {fileID: 1606529623270540796, guid: 918f907dbaf986046863ad220ed12903, type: 3}
      propertyPath: m_Name
      value: ObjectCamera
      objectReference: {fileID: 0}
    m_RemovedComponents: []
  m_SourcePrefab: {fileID: 100100000, guid: 918f907dbaf986046863ad220ed12903, type: 3}
--- !u!4 &5091149405624915031 stripped
Transform:
  m_CorrespondingSourceObject: {fileID: 1606529623270540768, guid: 918f907dbaf986046863ad220ed12903, type: 3}
  m_PrefabInstance: {fileID: 5831298706574938551}
  m_PrefabAsset: {fileID: 0}
--- !u!20 &5091149405624915028 stripped
Camera:
  m_CorrespondingSourceObject: {fileID: 1606529623270540771, guid: 918f907dbaf986046863ad220ed12903, type: 3}
  m_PrefabInstance: {fileID: 5831298706574938551}
  m_PrefabAsset: {fileID: 0}
--- !u!4 &5091149406919305967 stripped
Transform:
  m_CorrespondingSourceObject: {fileID: 1606529624027020120, guid: 918f907dbaf986046863ad220ed12903, type: 3}
  m_PrefabInstance: {fileID: 5831298706574938551}
  m_PrefabAsset: {fileID: 0}
